<TICKER>,<PER>,<DATE>,<TIME>,<LAST>,<VOL>
US1.ATVI,0,20200505,093001,67.670000000,100
US1.ATVI,0,20200505,093001,67.660000000,100
US1.ATVI,0,20200505,093001,67.650000000,100
US1.ATVI,0,20200505,093001,67.710000000,100
US1.ATVI,0,20200505,093002,67.620000000,200
US1.ATVI,0,20200505,093003,67.660000000,100
US1.ATVI,0,20200505,093003,67.660000000,100
US1.ATVI,0,20200505,093003,67.670000000,100
US1.ATVI,0,20200505,093003,67.670000000,100
US1.ATVI,0,20200505,093004,67.660000000,100
US1.ATVI,0,20200505,093005,67.630000000,100
US1.ATVI,0,20200505,093005,67.640000000,200
US1.ATVI,0,20200505,093007,67.630000000,100
US1.ATVI,0,20200505,093007,67.620000000,100
US1.ATVI,0,20200505,093007,67.620000000,100
US1.ATVI,0,20200505,093008,67.660000000,100
US1.ATVI,0,20200505,093008,67.650000000,200
US1.ATVI,0,20200505,093009,67.650000000,100
US1.ATVI,0,20200505,093009,67.630000000,100
US1.ATVI,0,20200505,093009,67.630000000,100
US1.ATVI,0,20200505,093010,67.630000000,100
US1.ATVI,0,20200505,093010,67.640000000,100
US1.ATVI,0,20200505,093010,67.640000000,100
US1.ATVI,0,20200505,093010,67.640000000,100
US1.ATVI,0,20200505,093010,67.630000000,100
US1.ATVI,0,20200505,093010,67.630000000,100
US1.ATVI,0,20200505,093011,67.620000000,100
US1.ATVI,0,20200505,093011,67.610000000,100
US1.ATVI,0,20200505,093011,67.600000000,100
US1.ATVI,0,20200505,093011,67.600000000,100
US1.ATVI,0,20200505,093011,67.610000000,200
US1.ATVI,0,20200505,093012,67.610000000,200
US1.ATVI,0,20200505,093012,67.610000000,100
US1.ATVI,0,20200505,093013,67.610000000,100
US1.ATVI,0,20200505,093013,67.630000000,100
US1.ATVI,0,20200505,093013,67.610000000,100
US1.ATVI,0,20200505,093013,67.600000000,176
US1.ATVI,0,20200505,093014,67.600000000,176
US1.ATVI,0,20200505,093015,67.650000000,100
US1.ATVI,0,20200505,093017,67.590000000,100
US1.ATVI,0,20200505,093017,67.650000000,100
US1.ATVI,0,20200505,093017,67.650000000,100
US1.ATVI,0,20200505,093017,67.660000000,200
US1.ATVI,0,20200505,093017,67.650000000,200
US1.ATVI,0,20200505,093017,67.650000000,100
US1.ATVI,0,20200505,093017,67.630000000,100
US1.ATVI,0,20200505,093017,67.620000000,100
US1.ATVI,0,20200505,093017,67.620000000,100
US1.ATVI,0,20200505,093017,67.650000000,100
US1.ATVI,0,20200505,093018,67.650000000,100
US1.ATVI,0,20200505,093018,67.620000000,100
US1.ATVI,0,20200505,093018,67.610000000,162
US1.ATVI,0,20200505,093018,67.620000000,200
US1.ATVI,0,20200505,093019,67.620000000,200
US1.ATVI,0,20200505,093019,67.620000000,200
US1.ATVI,0,20200505,093019,67.650000000,101
US1.ATVI,0,20200505,093021,67.620000000,100
US1.ATVI,0,20200505,093021,67.610000000,100
US1.ATVI,0,20200505,093021,67.610000000,100
US1.ATVI,0,20200505,093021,67.640000000,200
US1.ATVI,0,20200505,093024,67.630000000,110
US1.ATVI,0,20200505,093025,67.570000000,100
US1.ATVI,0,20200505,093025,67.590000000,100
US1.ATVI,0,20200505,093025,67.600000000,100
US1.ATVI,0,20200505,093025,67.580000000,100
US1.ATVI,0,20200505,093025,67.580000000,100
US1.ATVI,0,20200505,093025,67.580000000,200
US1.ATVI,0,20200505,093026,67.570000000,200
US1.ATVI,0,20200505,093026,67.590000000,200
US1.ATVI,0,20200505,093026,67.590000000,100
US1.ATVI,0,20200505,093026,67.590000000,100
US1.ATVI,0,20200505,093026,67.590000000,200
US1.ATVI,0,20200505,093026,67.590000000,200
US1.ATVI,0,20200505,093026,67.610000000,175
US1.ATVI,0,20200505,093026,67.590000000,100
US1.ATVI,0,20200505,093026,67.580000000,100
US1.ATVI,0,20200505,093026,67.600000000,100
US1.ATVI,0,20200505,093027,67.590000000,200
US1.ATVI,0,20200505,093028,67.630000000,172
US1.ATVI,0,20200505,093028,67.640000000,101
US1.ATVI,0,20200505,093030,67.660000000,100
US1.ATVI,0,20200505,093031,67.620000000,100
US1.ATVI,0,20200505,093031,67.620000000,100
US1.ATVI,0,20200505,093031,67.620000000,200
US1.ATVI,0,20200505,093031,67.620000000,100
US1.ATVI,0,20200505,093031,67.620000000,200
US1.ATVI,0,20200505,093031,67.620000000,150
US1.ATVI,0,20200505,093032,67.650000000,200
US1.ATVI,0,20200505,093032,67.610000000,100
US1.ATVI,0,20200505,093032,67.610000000,100
US1.ATVI,0,20200505,093033,67.630000000,100
US1.ATVI,0,20200505,093033,67.630000000,100
US1.ATVI,0,20200505,093034,67.640000000,100
US1.ATVI,0,20200505,093034,67.630000000,100
US1.ATVI,0,20200505,093034,67.630000000,100
US1.ATVI,0,20200505,093034,67.630000000,100
US1.ATVI,0,20200505,093034,67.630000000,100
US1.ATVI,0,20200505,093036,67.650000000,100
US1.ATVI,0,20200505,093037,67.650000000,100
US1.ATVI,0,20200505,093051,67.590000000,100
US1.ATVI,0,20200505,093051,67.570000000,100
US1.ATVI,0,20200505,093051,67.560000000,100
US1.ATVI,0,20200505,093051,67.560000000,100
US1.ATVI,0,20200505,093051,67.530000000,200
US1.ATVI,0,20200505,093053,67.540000000,200
US1.ATVI,0,20200505,093053,67.530000000,300
US1.ATVI,0,20200505,093053,67.530000000,173
US1.ATVI,0,20200505,093053,67.530000000,127
US1.ATVI,0,20200505,093053,67.520000000,100
US1.ATVI,0,20200505,093053,67.520000000,200
US1.ATVI,0,20200505,093053,67.480000000,100
US1.ATVI,0,20200505,093053,67.480000000,100
US1.ATVI,0,20200505,093100,67.340000000,200
US1.ATVI,0,20200505,093100,67.340000000,100
US1.ATVI,0,20200505,093100,67.340000000,100
US1.ATVI,0,20200505,093100,67.300000000,100
US1.ATVI,0,20200505,093101,67.300000000,342
US1.ATVI,0,20200505,093103,67.290000000,100
US1.ATVI,0,20200505,093123,67.290000000,200
US1.ATVI,0,20200505,093126,67.250000000,100
US1.ATVI,0,20200505,093129,67.230000000,100
US1.ATVI,0,20200505,093132,67.230000000,200
US1.ATVI,0,20200505,093132,67.250000000,100
US1.ATVI,0,20200505,093135,67.230000000,100
US1.ATVI,0,20200505,093144,67.270000000,200
US1.ATVI,0,20200505,093144,67.270000000,200
US1.ATVI,0,20200505,093144,67.270000000,100
US1.ATVI,0,20200505,093144,67.270000000,100
US1.ATVI,0,20200505,093149,67.270000000,100
US1.ATVI,0,20200505,093150,67.280000000,100
US1.ATVI,0,20200505,093150,67.290000000,181
US1.ATVI,0,20200505,093153,67.320000000,200
US1.ATVI,0,20200505,093153,67.340000000,100
US1.ATVI,0,20200505,093153,67.340000000,100
US1.ATVI,0,20200505,093153,67.330000000,200
US1.ATVI,0,20200505,093154,67.360000000,100
US1.ATVI,0,20200505,093154,67.400000000,100
US1.ATVI,0,20200505,093154,67.420000000,100
US1.ATVI,0,20200505,093154,67.470000000,200
US1.ATVI,0,20200505,093154,67.470000000,100
US1.ATVI,0,20200505,093154,67.470000000,100
US1.ATVI,0,20200505,093154,67.470000000,200
US1.ATVI,0,20200505,093154,67.470000000,100
US1.ATVI,0,20200505,093154,67.470000000,100
US1.ATVI,0,20200505,093154,67.470000000,200
US1.ATVI,0,20200505,093154,67.470000000,200
US1.ATVI,0,20200505,093154,67.470000000,200
US1.ATVI,0,20200505,093154,67.470000000,100
US1.ATVI,0,20200505,093154,67.470000000,100
US1.ATVI,0,20200505,093154,67.480000000,200
US1.ATVI,0,20200505,093157,67.430000000,100
US1.ATVI,0,20200505,093206,67.310000000,100
US1.ATVI,0,20200505,093209,67.340000000,100
US1.ATVI,0,20200505,093209,67.340000000,100
US1.ATVI,0,20200505,093209,67.340000000,100
US1.ATVI,0,20200505,093209,67.340000000,100
US1.ATVI,0,20200505,093209,67.340000000,100
US1.ATVI,0,20200505,093213,67.410000000,100
US1.ATVI,0,20200505,093213,67.410000000,100
US1.ATVI,0,20200505,093216,67.430000000,100
US1.ATVI,0,20200505,093232,67.540000000,200
US1.ATVI,0,20200505,093232,67.560000000,100
US1.ATVI,0,20200505,093233,67.560000000,100
US1.ATVI,0,20200505,093233,67.560000000,200
US1.ATVI,0,20200505,093233,67.530000000,100
US1.ATVI,0,20200505,093234,67.550000000,200
US1.ATVI,0,20200505,093237,67.550000000,100
US1.ATVI,0,20200505,093239,67.555000000,100
US1.ATVI,0,20200505,093239,67.560000000,100
US1.ATVI,0,20200505,093239,67.560000000,100
US1.ATVI,0,20200505,093241,67.540000000,100
US1.ATVI,0,20200505,093245,67.520000000,100
US1.ATVI,0,20200505,093245,67.510000000,100
US1.ATVI,0,20200505,093249,67.510000000,300
US1.ATVI,0,20200505,093249,67.530000000,100
US1.ATVI,0,20200505,093250,67.510000000,200
US1.ATVI,0,20200505,093251,67.510000000,100
US1.ATVI,0,20200505,093253,67.510000000,116
US1.ATVI,0,20200505,093254,67.450000000,200
US1.ATVI,0,20200505,093259,67.480000000,100
US1.ATVI,0,20200505,093300,67.500000000,200
US1.ATVI,0,20200505,093300,67.480000000,191
US1.ATVI,0,20200505,093301,67.500000000,100
US1.ATVI,0,20200505,093304,67.485000000,200
US1.ATVI,0,20200505,093305,67.470000000,100
US1.ATVI,0,20200505,093305,67.470000000,100
US1.ATVI,0,20200505,093306,67.480000000,100
US1.ATVI,0,20200505,093306,67.470000000,200
US1.ATVI,0,20200505,093307,67.480000000,200
US1.ATVI,0,20200505,093307,67.480000000,100
US1.ATVI,0,20200505,093309,67.470000000,100
US1.ATVI,0,20200505,093310,67.480000000,600
US1.ATVI,0,20200505,093310,67.490000000,100
US1.ATVI,0,20200505,093310,67.490000000,100
US1.ATVI,0,20200505,093311,67.520000000,100
US1.ATVI,0,20200505,093323,67.510000000,100
US1.ATVI,0,20200505,093325,67.530000000,100
US1.ATVI,0,20200505,093325,67.540000000,100
US1.ATVI,0,20200505,093326,67.500000000,100
US1.ATVI,0,20200505,093326,67.500000000,100
US1.ATVI,0,20200505,093326,67.490000000,100
US1.ATVI,0,20200505,093331,67.450000000,100
US1.ATVI,0,20200505,093332,67.410000000,100
US1.ATVI,0,20200505,093336,67.390000000,100
US1.ATVI,0,20200505,093337,67.380000000,100
US1.ATVI,0,20200505,093339,67.360000000,100
US1.ATVI,0,20200505,093341,67.350000000,100
US1.ATVI,0,20200505,093341,67.350000000,100
US1.ATVI,0,20200505,093345,67.350000000,100
US1.ATVI,0,20200505,093345,67.350000000,197
US1.ATVI,0,20200505,093346,67.340000000,100
US1.ATVI,0,20200505,093346,67.340000000,100
US1.ATVI,0,20200505,093346,67.350000000,200
US1.ATVI,0,20200505,093350,67.360000000,100
US1.ATVI,0,20200505,093350,67.350000000,100
US1.ATVI,0,20200505,093355,67.330000000,100
US1.ATVI,0,20200505,093355,67.350000000,100
US1.ATVI,0,20200505,093357,67.360000000,100
US1.ATVI,0,20200505,093357,67.370000000,100
US1.ATVI,0,20200505,093358,67.375000000,100
US1.ATVI,0,20200505,093358,67.380000000,101
US1.ATVI,0,20200505,093358,67.380000000,100
US1.ATVI,0,20200505,093401,67.450000000,100
US1.ATVI,0,20200505,093401,67.450000000,100
US1.ATVI,0,20200505,093408,67.370000000,138
US1.ATVI,0,20200505,093416,67.300000000,200
US1.ATVI,0,20200505,093416,67.290000000,100
US1.ATVI,0,20200505,093416,67.290000000,100
US1.ATVI,0,20200505,093416,67.290000000,100
US1.ATVI,0,20200505,093416,67.280000000,100
US1.ATVI,0,20200505,093416,67.290000000,100
US1.ATVI,0,20200505,093419,67.250000000,100
US1.ATVI,0,20200505,093420,67.245000000,100
US1.ATVI,0,20200505,093424,67.270000000,100
US1.ATVI,0,20200505,093425,67.270000000,100
US1.ATVI,0,20200505,093425,67.270000000,100
US1.ATVI,0,20200505,093429,67.260000000,100
US1.ATVI,0,20200505,093431,67.270000000,100
US1.ATVI,0,20200505,093436,67.250000000,100
US1.ATVI,0,20200505,093436,67.250000000,100
US1.ATVI,0,20200505,093437,67.250000000,100
US1.ATVI,0,20200505,093439,67.270000000,100
US1.ATVI,0,20200505,093444,67.260000000,100
US1.ATVI,0,20200505,093445,67.260000000,100
US1.ATVI,0,20200505,093448,67.250000000,100
US1.ATVI,0,20200505,093450,67.270000000,100
US1.ATVI,0,20200505,093451,67.270000000,100
US1.ATVI,0,20200505,093453,67.240000000,100
US1.ATVI,0,20200505,093459,67.230000000,100
US1.ATVI,0,20200505,093459,67.230000000,100
US1.ATVI,0,20200505,093459,67.210000000,100
US1.ATVI,0,20200505,093459,67.210000000,100
US1.ATVI,0,20200505,093459,67.220000000,100
US1.ATVI,0,20200505,093501,67.240000000,100
US1.ATVI,0,20200505,093503,67.250000000,100
US1.ATVI,0,20200505,093505,67.250000000,100
US1.ATVI,0,20200505,093512,67.230000000,200
US1.ATVI,0,20200505,093513,67.220000000,200
US1.ATVI,0,20200505,093514,67.210000000,100
US1.ATVI,0,20200505,093515,67.210000000,200
US1.ATVI,0,20200505,093515,67.210000000,200
US1.ATVI,0,20200505,093515,67.190000000,200
US1.ATVI,0,20200505,093515,67.190000000,100
US1.ATVI,0,20200505,093515,67.180000000,700
US1.ATVI,0,20200505,093515,67.150000000,800
US1.ATVI,0,20200505,093515,67.140000000,497
US1.ATVI,0,20200505,093515,67.170000000,100
US1.ATVI,0,20200505,093519,67.200000000,200
US1.ATVI,0,20200505,093519,67.220000000,100
US1.ATVI,0,20200505,093519,67.210000000,100
US1.ATVI,0,20200505,093542,67.180000000,100
US1.ATVI,0,20200505,093542,67.180000000,100
US1.ATVI,0,20200505,093542,67.180000000,100
US1.ATVI,0,20200505,093542,67.180000000,100
US1.ATVI,0,20200505,093542,67.180000000,100
US1.ATVI,0,20200505,093542,67.180000000,100
US1.ATVI,0,20200505,093542,67.180000000,100
US1.ATVI,0,20200505,093542,67.180000000,100
US1.ATVI,0,20200505,093544,67.140000000,100
US1.ATVI,0,20200505,093544,67.140000000,100
US1.ATVI,0,20200505,093554,67.160000000,100
US1.ATVI,0,20200505,093600,67.140000000,200
US1.ATVI,0,20200505,093600,67.150000000,100
US1.ATVI,0,20200505,093608,67.130000000,100
US1.ATVI,0,20200505,093608,67.130000000,400
US1.ATVI,0,20200505,093608,67.130000000,100
US1.ATVI,0,20200505,093608,67.130000000,200
US1.ATVI,0,20200505,093610,67.080000000,100
US1.ATVI,0,20200505,093614,67.050000000,200
US1.ATVI,0,20200505,093625,67.060000000,200
US1.ATVI,0,20200505,093625,67.050000000,100
US1.ATVI,0,20200505,093625,67.040000000,100
US1.ATVI,0,20200505,093625,67.040000000,100
US1.ATVI,0,20200505,093627,67.060000000,100
US1.ATVI,0,20200505,093627,67.050000000,100
US1.ATVI,0,20200505,093627,67.050000000,100
US1.ATVI,0,20200505,093627,67.040000000,100
US1.ATVI,0,20200505,093628,67.050000000,100
US1.ATVI,0,20200505,093635,67.070000000,100
US1.ATVI,0,20200505,093635,67.070000000,100
US1.ATVI,0,20200505,093640,67.040000000,300
US1.ATVI,0,20200505,093640,67.060000000,100
US1.ATVI,0,20200505,093644,67.050000000,100
US1.ATVI,0,20200505,093644,67.050000000,100
US1.ATVI,0,20200505,093645,67.070000000,100
US1.ATVI,0,20200505,093645,67.070000000,100
US1.ATVI,0,20200505,093645,67.080000000,100
US1.ATVI,0,20200505,093645,67.080000000,100
US1.ATVI,0,20200505,093659,67.100000000,1490
US1.ATVI,0,20200505,093702,67.040000000,140
US1.ATVI,0,20200505,093702,67.020000000,308
US1.ATVI,0,20200505,093702,67.000000000,190
US1.ATVI,0,20200505,093702,67.020000000,200
US1.ATVI,0,20200505,093702,67.020000000,308
US1.ATVI,0,20200505,093702,67.010000000,100
US1.ATVI,0,20200505,093702,67.010000000,100
US1.ATVI,0,20200505,093703,66.970000000,200
US1.ATVI,0,20200505,093705,66.980000000,100
US1.ATVI,0,20200505,093713,66.980000000,100
US1.ATVI,0,20200505,093713,66.970000000,200
US1.ATVI,0,20200505,093716,67.000000000,200
US1.ATVI,0,20200505,093716,67.010000000,100
US1.ATVI,0,20200505,093716,67.020000000,100
US1.ATVI,0,20200505,093716,67.020000000,100
US1.ATVI,0,20200505,093732,66.970000000,200
US1.ATVI,0,20200505,093733,66.980000000,105
US1.ATVI,0,20200505,093734,66.990000000,200
US1.ATVI,0,20200505,093734,67.010000000,150
US1.ATVI,0,20200505,093734,67.010000000,100
US1.ATVI,0,20200505,093734,67.010000000,100
US1.ATVI,0,20200505,093734,67.010000000,100
US1.ATVI,0,20200505,093735,67.000000000,100
US1.ATVI,0,20200505,093746,67.010000000,100
US1.ATVI,0,20200505,093746,67.010000000,100
US1.ATVI,0,20200505,093749,67.010000000,100
US1.ATVI,0,20200505,093750,67.020000000,100
US1.ATVI,0,20200505,093750,67.020000000,100
US1.ATVI,0,20200505,093750,67.020000000,100
US1.ATVI,0,20200505,093750,67.030000000,100
US1.ATVI,0,20200505,093750,67.060000000,100
US1.ATVI,0,20200505,093750,67.060000000,100
US1.ATVI,0,20200505,093756,67.120000000,100
US1.ATVI,0,20200505,093757,67.080000000,200
US1.ATVI,0,20200505,093758,67.080000000,200
US1.ATVI,0,20200505,093758,67.080000000,100
US1.ATVI,0,20200505,093802,67.060000000,100
US1.ATVI,0,20200505,093802,67.070000000,100
US1.ATVI,0,20200505,093805,67.070000000,100
US1.ATVI,0,20200505,093810,67.040000000,200
US1.ATVI,0,20200505,093810,67.040000000,100
US1.ATVI,0,20200505,093810,67.040000000,100
US1.ATVI,0,20200505,093815,67.050000000,200
US1.ATVI,0,20200505,093823,67.070000000,100
US1.ATVI,0,20200505,093823,67.075000000,100
US1.ATVI,0,20200505,093824,67.080000000,100
US1.ATVI,0,20200505,093828,67.110000000,100
US1.ATVI,0,20200505,093843,67.150000000,100
US1.ATVI,0,20200505,093845,67.160000000,100
US1.ATVI,0,20200505,093845,67.160000000,100
US1.ATVI,0,20200505,093848,67.160000000,100
US1.ATVI,0,20200505,093857,67.180000000,100
US1.ATVI,0,20200505,093857,67.180000000,100
US1.ATVI,0,20200505,093859,67.150000000,100
US1.ATVI,0,20200505,093859,67.150000000,123
US1.ATVI,0,20200505,093902,67.120000000,200
US1.ATVI,0,20200505,093903,67.150000000,100
US1.ATVI,0,20200505,093903,67.150000000,100
US1.ATVI,0,20200505,093905,67.170000000,100
US1.ATVI,0,20200505,093914,67.120000000,200
US1.ATVI,0,20200505,093919,67.130000000,200
US1.ATVI,0,20200505,093919,67.130000000,100
US1.ATVI,0,20200505,093928,67.120000000,200
US1.ATVI,0,20200505,093931,67.120000000,200
US1.ATVI,0,20200505,093939,67.110000000,100
US1.ATVI,0,20200505,093945,67.120000000,100
US1.ATVI,0,20200505,093953,67.110000000,100
US1.ATVI,0,20200505,093953,67.110000000,100
US1.ATVI,0,20200505,094001,67.060000000,100
US1.ATVI,0,20200505,094002,67.050000000,800
US1.ATVI,0,20200505,094002,67.050000000,100
US1.ATVI,0,20200505,094002,67.040000000,200
US1.ATVI,0,20200505,094013,67.050000000,100
US1.ATVI,0,20200505,094013,67.060000000,100
US1.ATVI,0,20200505,094013,67.050000000,100
US1.ATVI,0,20200505,094013,67.050000000,300
US1.ATVI,0,20200505,094014,67.040000000,200
US1.ATVI,0,20200505,094021,67.070000000,100
US1.ATVI,0,20200505,094021,67.070000000,100
US1.ATVI,0,20200505,094027,67.150000000,100
US1.ATVI,0,20200505,094034,67.210000000,200
US1.ATVI,0,20200505,094034,67.220000000,200
US1.ATVI,0,20200505,094034,67.220000000,100
US1.ATVI,0,20200505,094034,67.230000000,100
US1.ATVI,0,20200505,094034,67.280000000,100
US1.ATVI,0,20200505,094034,67.280000000,200
US1.ATVI,0,20200505,094034,67.280000000,100
US1.ATVI,0,20200505,094037,67.300000000,100
US1.ATVI,0,20200505,094038,67.290000000,200
US1.ATVI,0,20200505,094038,67.290000000,100
US1.ATVI,0,20200505,094038,67.300000000,100
US1.ATVI,0,20200505,094047,67.330000000,100
US1.ATVI,0,20200505,094047,67.330000000,100
US1.ATVI,0,20200505,094047,67.340000000,100
US1.ATVI,0,20200505,094054,67.350000000,199
US1.ATVI,0,20200505,094055,67.340000000,100
US1.ATVI,0,20200505,094056,67.350000000,100
US1.ATVI,0,20200505,094058,67.350000000,100
US1.ATVI,0,20200505,094059,67.330000000,300
US1.ATVI,0,20200505,094059,67.330000000,100
US1.ATVI,0,20200505,094059,67.280000000,100
US1.ATVI,0,20200505,094059,67.280000000,100
US1.ATVI,0,20200505,094059,67.290000000,100
US1.ATVI,0,20200505,094059,67.290000000,200
US1.ATVI,0,20200505,094059,67.290000000,100
US1.ATVI,0,20200505,094059,67.290000000,100
US1.ATVI,0,20200505,094059,67.290000000,100
US1.ATVI,0,20200505,094103,67.270000000,100
US1.ATVI,0,20200505,094103,67.270000000,100
US1.ATVI,0,20200505,094107,67.270000000,100
US1.ATVI,0,20200505,094108,67.240000000,100
US1.ATVI,0,20200505,094112,67.240000000,200
US1.ATVI,0,20200505,094112,67.240000000,100
US1.ATVI,0,20200505,094112,67.220000000,270
US1.ATVI,0,20200505,094113,67.210000000,200
US1.ATVI,0,20200505,094113,67.230000000,200
US1.ATVI,0,20200505,094113,67.230000000,100
US1.ATVI,0,20200505,094113,67.240000000,100
US1.ATVI,0,20200505,094113,67.250000000,100
US1.ATVI,0,20200505,094115,67.240000000,196
US1.ATVI,0,20200505,094115,67.240000000,100
US1.ATVI,0,20200505,094115,67.260000000,100
US1.ATVI,0,20200505,094115,67.260000000,100
US1.ATVI,0,20200505,094115,67.250000000,100
US1.ATVI,0,20200505,094115,67.250000000,100
US1.ATVI,0,20200505,094115,67.240000000,100
US1.ATVI,0,20200505,094124,67.210000000,200
US1.ATVI,0,20200505,094125,67.200000000,100
US1.ATVI,0,20200505,094125,67.190000000,100
US1.ATVI,0,20200505,094125,67.190000000,100
US1.ATVI,0,20200505,094125,67.180000000,100
US1.ATVI,0,20200505,094125,67.150000000,160
US1.ATVI,0,20200505,094125,67.140000000,200
US1.ATVI,0,20200505,094125,67.130000000,100
US1.ATVI,0,20200505,094125,67.130000000,100
US1.ATVI,0,20200505,094127,67.090000000,100
US1.ATVI,0,20200505,094128,67.090000000,100
US1.ATVI,0,20200505,094128,67.070000000,148
US1.ATVI,0,20200505,094130,67.050000000,200
US1.ATVI,0,20200505,094132,67.070000000,100
US1.ATVI,0,20200505,094132,67.070000000,100
US1.ATVI,0,20200505,094133,67.080000000,100
US1.ATVI,0,20200505,094134,67.160000000,100
US1.ATVI,0,20200505,094134,67.160000000,100
US1.ATVI,0,20200505,094140,67.110000000,100
US1.ATVI,0,20200505,094140,67.110000000,100
US1.ATVI,0,20200505,094140,67.110000000,100
US1.ATVI,0,20200505,094140,67.110000000,100
US1.ATVI,0,20200505,094141,67.110000000,195
US1.ATVI,0,20200505,094141,67.110000000,100
US1.ATVI,0,20200505,094141,67.120000000,100
US1.ATVI,0,20200505,094141,67.120000000,100
US1.ATVI,0,20200505,094141,67.120000000,100
US1.ATVI,0,20200505,094141,67.130000000,100
US1.ATVI,0,20200505,094141,67.130000000,200
US1.ATVI,0,20200505,094141,67.140000000,200
US1.ATVI,0,20200505,094142,67.140000000,200
US1.ATVI,0,20200505,094147,67.180000000,100
US1.ATVI,0,20200505,094147,67.210000000,100
US1.ATVI,0,20200505,094147,67.210000000,100
US1.ATVI,0,20200505,094147,67.190000000,200
US1.ATVI,0,20200505,094147,67.190000000,100
US1.ATVI,0,20200505,094147,67.190000000,100
US1.ATVI,0,20200505,094147,67.190000000,100
US1.ATVI,0,20200505,094147,67.190000000,200
US1.ATVI,0,20200505,094147,67.190000000,100
US1.ATVI,0,20200505,094147,67.180000000,100
US1.ATVI,0,20200505,094152,67.150000000,100
US1.ATVI,0,20200505,094152,67.150000000,100
US1.ATVI,0,20200505,094152,67.160000000,100
US1.ATVI,0,20200505,094152,67.160000000,100
US1.ATVI,0,20200505,094152,67.170000000,100
US1.ATVI,0,20200505,094152,67.170000000,100
US1.ATVI,0,20200505,094155,67.180000000,100
US1.ATVI,0,20200505,094158,67.170000000,100
US1.ATVI,0,20200505,094159,67.180000000,100
US1.ATVI,0,20200505,094159,67.190000000,200
US1.ATVI,0,20200505,094159,67.190000000,100
US1.ATVI,0,20200505,094159,67.190000000,200
US1.ATVI,0,20200505,094203,67.190000000,100
US1.ATVI,0,20200505,094206,67.180000000,200
US1.ATVI,0,20200505,094207,67.170000000,300
US1.ATVI,0,20200505,094209,67.200000000,100
US1.ATVI,0,20200505,094213,67.200000000,100
US1.ATVI,0,20200505,094217,67.230000000,100
US1.ATVI,0,20200505,094217,67.230000000,100
US1.ATVI,0,20200505,094217,67.220000000,100
US1.ATVI,0,20200505,094217,67.190000000,100
US1.ATVI,0,20200505,094219,67.160000000,100
US1.ATVI,0,20200505,094219,67.150000000,100
US1.ATVI,0,20200505,094221,67.170000000,100
US1.ATVI,0,20200505,094223,67.165000000,100
US1.ATVI,0,20200505,094224,67.160000000,100
US1.ATVI,0,20200505,094224,67.160000000,100
US1.ATVI,0,20200505,094225,67.160000000,100
US1.ATVI,0,20200505,094228,67.140000000,100
US1.ATVI,0,20200505,094228,67.145000000,100
US1.ATVI,0,20200505,094234,67.170000000,100
US1.ATVI,0,20200505,094239,67.150000000,200
US1.ATVI,0,20200505,094239,67.150000000,100
US1.ATVI,0,20200505,094239,67.150000000,100
US1.ATVI,0,20200505,094239,67.170000000,100
US1.ATVI,0,20200505,094242,67.180000000,100
US1.ATVI,0,20200505,094243,67.200000000,2010
US1.ATVI,0,20200505,094246,67.260000000,100
US1.ATVI,0,20200505,094247,67.270000000,200
US1.ATVI,0,20200505,094249,67.260000000,200
US1.ATVI,0,20200505,094249,67.260000000,200
US1.ATVI,0,20200505,094249,67.260000000,100
US1.ATVI,0,20200505,094251,67.260000000,100
US1.ATVI,0,20200505,094252,67.270000000,146
US1.ATVI,0,20200505,094254,67.250000000,100
US1.ATVI,0,20200505,094254,67.250000000,100
US1.ATVI,0,20200505,094300,67.260000000,100
US1.ATVI,0,20200505,094304,67.270000000,100
US1.ATVI,0,20200505,094307,67.260000000,100
US1.ATVI,0,20200505,094307,67.260000000,100
US1.ATVI,0,20200505,094307,67.260000000,100
US1.ATVI,0,20200505,094311,67.270000000,200
US1.ATVI,0,20200505,094312,67.260000000,100
US1.ATVI,0,20200505,094315,67.270000000,100
US1.ATVI,0,20200505,094315,67.270000000,100
US1.ATVI,0,20200505,094315,67.270000000,100
US1.ATVI,0,20200505,094328,67.300000000,200
US1.ATVI,0,20200505,094328,67.300000000,100
US1.ATVI,0,20200505,094328,67.300000000,100
US1.ATVI,0,20200505,094328,67.300000000,100
US1.ATVI,0,20200505,094328,67.300000000,100
US1.ATVI,0,20200505,094329,67.310000000,100
US1.ATVI,0,20200505,094332,67.290000000,100
US1.ATVI,0,20200505,094335,67.270000000,100
US1.ATVI,0,20200505,094411,67.280000000,100
US1.ATVI,0,20200505,094411,67.280000000,300
US1.ATVI,0,20200505,094414,67.290000000,100
US1.ATVI,0,20200505,094425,67.300000000,100
US1.ATVI,0,20200505,094425,67.310000000,100
US1.ATVI,0,20200505,094431,67.305000000,100
US1.ATVI,0,20200505,094431,67.310000000,200
US1.ATVI,0,20200505,094447,67.350000000,100
US1.ATVI,0,20200505,094459,67.380000000,100
US1.ATVI,0,20200505,094459,67.380000000,100
US1.ATVI,0,20200505,094500,67.350000000,100
US1.ATVI,0,20200505,094500,67.340000000,100
US1.ATVI,0,20200505,094501,67.335000000,200
US1.ATVI,0,20200505,094508,67.330000000,100
US1.ATVI,0,20200505,094508,67.330000000,100
US1.ATVI,0,20200505,094508,67.360000000,100
US1.ATVI,0,20200505,094508,67.370000000,100
US1.ATVI,0,20200505,094508,67.390000000,200
US1.ATVI,0,20200505,094508,67.390000000,100
US1.ATVI,0,20200505,094508,67.390000000,200
US1.ATVI,0,20200505,094508,67.390000000,200
US1.ATVI,0,20200505,094508,67.390000000,100
US1.ATVI,0,20200505,094508,67.400000000,100
US1.ATVI,0,20200505,094508,67.400000000,200
US1.ATVI,0,20200505,094508,67.410000000,500
US1.ATVI,0,20200505,094508,67.410000000,100
US1.ATVI,0,20200505,094508,67.410000000,100
US1.ATVI,0,20200505,094508,67.380000000,100
US1.ATVI,0,20200505,094521,67.340000000,100
US1.ATVI,0,20200505,094522,67.325000000,100
US1.ATVI,0,20200505,094524,67.370000000,100
US1.ATVI,0,20200505,094524,67.370000000,100
US1.ATVI,0,20200505,094524,67.370000000,100
US1.ATVI,0,20200505,094524,67.360000000,100
US1.ATVI,0,20200505,094531,67.370000000,100
US1.ATVI,0,20200505,094531,67.370000000,174
US1.ATVI,0,20200505,094538,67.390000000,100
US1.ATVI,0,20200505,094601,67.420000000,100
US1.ATVI,0,20200505,094601,67.420000000,100
US1.ATVI,0,20200505,094601,67.410000000,100
US1.ATVI,0,20200505,094603,67.420000000,100
US1.ATVI,0,20200505,094609,67.420000000,100
US1.ATVI,0,20200505,094611,67.410000000,199
US1.ATVI,0,20200505,094614,67.450000000,100
US1.ATVI,0,20200505,094614,67.450000000,100
US1.ATVI,0,20200505,094614,67.450000000,100
US1.ATVI,0,20200505,094625,67.450000000,300
US1.ATVI,0,20200505,094627,67.460000000,100
US1.ATVI,0,20200505,094627,67.470000000,100
US1.ATVI,0,20200505,094627,67.480000000,100
US1.ATVI,0,20200505,094627,67.480000000,100
US1.ATVI,0,20200505,094630,67.480000000,100
US1.ATVI,0,20200505,094631,67.480000000,100
US1.ATVI,0,20200505,094635,67.480000000,200
US1.ATVI,0,20200505,094635,67.480000000,104
US1.ATVI,0,20200505,094635,67.490000000,100
US1.ATVI,0,20200505,094642,67.455000000,100
US1.ATVI,0,20200505,094642,67.460000000,100
US1.ATVI,0,20200505,094642,67.460000000,200
US1.ATVI,0,20200505,094644,67.480000000,222
US1.ATVI,0,20200505,094647,67.485000000,100
US1.ATVI,0,20200505,094650,67.480000000,100
US1.ATVI,0,20200505,094653,67.520000000,100
US1.ATVI,0,20200505,094657,67.520000000,100
US1.ATVI,0,20200505,094712,67.575000000,100
US1.ATVI,0,20200505,094722,67.510000000,100
US1.ATVI,0,20200505,094722,67.510000000,100
US1.ATVI,0,20200505,094725,67.540000000,100
US1.ATVI,0,20200505,094725,67.540000000,100
US1.ATVI,0,20200505,094725,67.530000000,100
US1.ATVI,0,20200505,094726,67.540000000,100
US1.ATVI,0,20200505,094730,67.560000000,200
US1.ATVI,0,20200505,094731,67.580000000,100
US1.ATVI,0,20200505,094731,67.580000000,100
US1.ATVI,0,20200505,094736,67.560000000,100
US1.ATVI,0,20200505,094745,67.540000000,200
US1.ATVI,0,20200505,094747,67.550000000,100
US1.ATVI,0,20200505,094747,67.590000000,100
US1.ATVI,0,20200505,094750,67.580000000,100
US1.ATVI,0,20200505,094751,67.580000000,100
US1.ATVI,0,20200505,094753,67.580000000,100
US1.ATVI,0,20200505,094802,67.570000000,200
US1.ATVI,0,20200505,094802,67.570000000,100
US1.ATVI,0,20200505,094802,67.550000000,100
US1.ATVI,0,20200505,094809,67.580000000,100
US1.ATVI,0,20200505,094810,67.595000000,100
US1.ATVI,0,20200505,094810,67.590000000,100
US1.ATVI,0,20200505,094815,67.590000000,100
US1.ATVI,0,20200505,094821,67.590000000,200
US1.ATVI,0,20200505,094821,67.590000000,100
US1.ATVI,0,20200505,094836,67.570000000,100
US1.ATVI,0,20200505,094840,67.570000000,100
US1.ATVI,0,20200505,094850,67.570000000,100
US1.ATVI,0,20200505,094850,67.550000000,200
US1.ATVI,0,20200505,094850,67.550000000,200
US1.ATVI,0,20200505,094851,67.540000000,100
US1.ATVI,0,20200505,094857,67.580000000,100
US1.ATVI,0,20200505,094918,67.550000000,900
US1.ATVI,0,20200505,094918,67.550000000,100
US1.ATVI,0,20200505,094918,67.550000000,100
US1.ATVI,0,20200505,094918,67.550000000,100
US1.ATVI,0,20200505,094918,67.550000000,708
US1.ATVI,0,20200505,094918,67.545000000,200
US1.ATVI,0,20200505,094918,67.545000000,100
US1.ATVI,0,20200505,094918,67.545000000,100
US1.ATVI,0,20200505,094918,67.545000000,406
US1.ATVI,0,20200505,094921,67.540000000,100
US1.ATVI,0,20200505,094921,67.550000000,100
US1.ATVI,0,20200505,094921,67.550000000,100
US1.ATVI,0,20200505,094921,67.550000000,100
US1.ATVI,0,20200505,094941,67.620000000,200
US1.ATVI,0,20200505,094941,67.640000000,100
US1.ATVI,0,20200505,094941,67.650000000,100
US1.ATVI,0,20200505,094941,67.690000000,300
US1.ATVI,0,20200505,094941,67.690000000,123
US1.ATVI,0,20200505,094941,67.680000000,100
US1.ATVI,0,20200505,094942,67.660000000,100
US1.ATVI,0,20200505,094957,67.680000000,100
US1.ATVI,0,20200505,094957,67.680000000,100
US1.ATVI,0,20200505,094959,67.680000000,100
US1.ATVI,0,20200505,095007,67.660000000,100
US1.ATVI,0,20200505,095008,67.670000000,200
US1.ATVI,0,20200505,095008,67.670000000,100
US1.ATVI,0,20200505,095008,67.670000000,100
US1.ATVI,0,20200505,095014,67.640000000,100
US1.ATVI,0,20200505,095018,67.610000000,200
US1.ATVI,0,20200505,095018,67.610000000,100
US1.ATVI,0,20200505,095020,67.600000000,100
US1.ATVI,0,20200505,095020,67.600000000,100
US1.ATVI,0,20200505,095025,67.580000000,100
US1.ATVI,0,20200505,095025,67.570000000,100
US1.ATVI,0,20200505,095025,67.570000000,100
US1.ATVI,0,20200505,095027,67.560000000,100
US1.ATVI,0,20200505,095028,67.530000000,200
US1.ATVI,0,20200505,095028,67.530000000,100
US1.ATVI,0,20200505,095031,67.510000000,200
US1.ATVI,0,20200505,095053,67.450000000,100
US1.ATVI,0,20200505,095053,67.450000000,100
US1.ATVI,0,20200505,095103,67.470000000,100
US1.ATVI,0,20200505,095107,67.450000000,100
US1.ATVI,0,20200505,095109,67.440000000,232
US1.ATVI,0,20200505,095109,67.440000000,100
US1.ATVI,0,20200505,095109,67.440000000,500
US1.ATVI,0,20200505,095115,67.470000000,100
US1.ATVI,0,20200505,095118,67.480000000,100
US1.ATVI,0,20200505,095119,67.450000000,100
US1.ATVI,0,20200505,095121,67.430000000,100
US1.ATVI,0,20200505,095121,67.430000000,100
US1.ATVI,0,20200505,095125,67.405000000,100
US1.ATVI,0,20200505,095125,67.390000000,100
US1.ATVI,0,20200505,095125,67.390000000,100
US1.ATVI,0,20200505,095125,67.380000000,100
US1.ATVI,0,20200505,095125,67.400000000,100
US1.ATVI,0,20200505,095141,67.390000000,100
US1.ATVI,0,20200505,095141,67.400000000,100
US1.ATVI,0,20200505,095200,67.370000000,100
US1.ATVI,0,20200505,095211,67.340000000,100
US1.ATVI,0,20200505,095226,67.380000000,100
US1.ATVI,0,20200505,095234,67.380000000,100
US1.ATVI,0,20200505,095247,67.410000000,100
US1.ATVI,0,20200505,095248,67.390000000,100
US1.ATVI,0,20200505,095257,67.410000000,100
US1.ATVI,0,20200505,095257,67.410000000,100
US1.ATVI,0,20200505,095258,67.410000000,100
US1.ATVI,0,20200505,095258,67.410000000,100
US1.ATVI,0,20200505,095301,67.430000000,100
US1.ATVI,0,20200505,095301,67.440000000,200
US1.ATVI,0,20200505,095301,67.450000000,150
US1.ATVI,0,20200505,095310,67.450000000,100
US1.ATVI,0,20200505,095314,67.440000000,100
US1.ATVI,0,20200505,095314,67.440000000,100
US1.ATVI,0,20200505,095314,67.440000000,100
US1.ATVI,0,20200505,095328,67.450000000,100
US1.ATVI,0,20200505,095334,67.410000000,100
US1.ATVI,0,20200505,095410,67.410000000,100
US1.ATVI,0,20200505,095410,67.410000000,100
US1.ATVI,0,20200505,095410,67.440000000,100
US1.ATVI,0,20200505,095411,67.450000000,100
US1.ATVI,0,20200505,095419,67.450000000,100
US1.ATVI,0,20200505,095419,67.445000000,100
US1.ATVI,0,20200505,095421,67.460000000,200
US1.ATVI,0,20200505,095428,67.470000000,100
US1.ATVI,0,20200505,095428,67.470000000,100
US1.ATVI,0,20200505,095450,67.450000000,100
US1.ATVI,0,20200505,095450,67.440000000,200
US1.ATVI,0,20200505,095450,67.440000000,100
US1.ATVI,0,20200505,095450,67.430000000,100
US1.ATVI,0,20200505,095450,67.430000000,100
US1.ATVI,0,20200505,095452,67.430000000,100
US1.ATVI,0,20200505,095501,67.430000000,100
US1.ATVI,0,20200505,095513,67.385000000,100
US1.ATVI,0,20200505,095513,67.380000000,102
US1.ATVI,0,20200505,095518,67.370000000,200
US1.ATVI,0,20200505,095518,67.370000000,400
US1.ATVI,0,20200505,095518,67.370000000,400
US1.ATVI,0,20200505,095518,67.370000000,100
US1.ATVI,0,20200505,095521,67.340000000,100
US1.ATVI,0,20200505,095532,67.370000000,100
US1.ATVI,0,20200505,095537,67.380000000,100
US1.ATVI,0,20200505,095537,67.380000000,100
US1.ATVI,0,20200505,095537,67.390000000,110
US1.ATVI,0,20200505,095542,67.400000000,100
US1.ATVI,0,20200505,095542,67.400000000,100
US1.ATVI,0,20200505,095543,67.400000000,100
US1.ATVI,0,20200505,095543,67.400000000,100
US1.ATVI,0,20200505,095543,67.410000000,100
US1.ATVI,0,20200505,095543,67.405000000,100
US1.ATVI,0,20200505,095543,67.410000000,100
US1.ATVI,0,20200505,095545,67.420000000,100
US1.ATVI,0,20200505,095550,67.440000000,100
US1.ATVI,0,20200505,095558,67.420000000,100
US1.ATVI,0,20200505,095559,67.420000000,100
US1.ATVI,0,20200505,095559,67.420000000,100
US1.ATVI,0,20200505,095604,67.430000000,100
US1.ATVI,0,20200505,095604,67.430000000,100
US1.ATVI,0,20200505,095630,67.450000000,100
US1.ATVI,0,20200505,095631,67.505000000,100
US1.ATVI,0,20200505,095644,67.460000000,100
US1.ATVI,0,20200505,095645,67.460000000,100
US1.ATVI,0,20200505,095658,67.490000000,100
US1.ATVI,0,20200505,095658,67.500000000,100
US1.ATVI,0,20200505,095658,67.500000000,100
US1.ATVI,0,20200505,095658,67.490000000,100
US1.ATVI,0,20200505,095658,67.490000000,100
US1.ATVI,0,20200505,095659,67.500000000,200
US1.ATVI,0,20200505,095659,67.510000000,100
US1.ATVI,0,20200505,095659,67.510000000,100
US1.ATVI,0,20200505,095700,67.530000000,100
US1.ATVI,0,20200505,095700,67.530000000,100
US1.ATVI,0,20200505,095705,67.510000000,200
US1.ATVI,0,20200505,095705,67.510000000,100
US1.ATVI,0,20200505,095705,67.510000000,100
US1.ATVI,0,20200505,095708,67.510000000,100
US1.ATVI,0,20200505,095709,67.530000000,115
US1.ATVI,0,20200505,095719,67.490000000,100
US1.ATVI,0,20200505,095719,67.500000000,100
US1.ATVI,0,20200505,095723,67.490000000,100
US1.ATVI,0,20200505,095723,67.500000000,100
US1.ATVI,0,20200505,095723,67.500000000,200
US1.ATVI,0,20200505,095728,67.490000000,100
US1.ATVI,0,20200505,095728,67.490000000,100
US1.ATVI,0,20200505,095731,67.480000000,100
US1.ATVI,0,20200505,095737,67.480000000,100
US1.ATVI,0,20200505,095737,67.470000000,100
US1.ATVI,0,20200505,095742,67.500000000,202
US1.ATVI,0,20200505,095744,67.510000000,100
US1.ATVI,0,20200505,095744,67.510000000,100
US1.ATVI,0,20200505,095746,67.520000000,100
US1.ATVI,0,20200505,095746,67.500000000,100
US1.ATVI,0,20200505,095749,67.500000000,200
US1.ATVI,0,20200505,095749,67.500000000,100
US1.ATVI,0,20200505,095749,67.500000000,100
US1.ATVI,0,20200505,095755,67.500000000,100
US1.ATVI,0,20200505,095816,67.500000000,200
US1.ATVI,0,20200505,095824,67.500000000,100
US1.ATVI,0,20200505,095824,67.500000000,100
US1.ATVI,0,20200505,095825,67.500000000,100
US1.ATVI,0,20200505,095833,67.490000000,100
US1.ATVI,0,20200505,095836,67.495000000,100
US1.ATVI,0,20200505,095836,67.490000000,200
US1.ATVI,0,20200505,095839,67.495000000,204
US1.ATVI,0,20200505,095846,67.480000000,100
US1.ATVI,0,20200505,095847,67.465000000,100
US1.ATVI,0,20200505,095847,67.465000000,100
US1.ATVI,0,20200505,095851,67.465000000,100
US1.ATVI,0,20200505,095851,67.450000000,1300
US1.ATVI,0,20200505,095851,67.430000000,100
US1.ATVI,0,20200505,095857,67.425000000,100
US1.ATVI,0,20200505,095857,67.440000000,100
US1.ATVI,0,20200505,095857,67.440000000,100
US1.ATVI,0,20200505,095913,67.480000000,100
US1.ATVI,0,20200505,095921,67.495000000,100
US1.ATVI,0,20200505,095932,67.510000000,100
US1.ATVI,0,20200505,095932,67.510000000,100
US1.ATVI,0,20200505,095933,67.520000000,100
US1.ATVI,0,20200505,095933,67.510000000,100
US1.ATVI,0,20200505,095937,67.530000000,200
US1.ATVI,0,20200505,095940,67.550000000,200
US1.ATVI,0,20200505,095941,67.530000000,100
US1.ATVI,0,20200505,100001,67.500000000,100
US1.ATVI,0,20200505,100001,67.510000000,100
US1.ATVI,0,20200505,100007,67.470000000,300
US1.ATVI,0,20200505,100012,67.470000000,200
US1.ATVI,0,20200505,100012,67.480000000,100
US1.ATVI,0,20200505,100015,67.510000000,200
US1.ATVI,0,20200505,100015,67.510000000,100
US1.ATVI,0,20200505,100043,67.520000000,100
US1.ATVI,0,20200505,100048,67.510000000,100
US1.ATVI,0,20200505,100053,67.500000000,100
US1.ATVI,0,20200505,100105,67.510000000,100
US1.ATVI,0,20200505,100105,67.510000000,100
US1.ATVI,0,20200505,100112,67.500000000,100
US1.ATVI,0,20200505,100119,67.500000000,100
US1.ATVI,0,20200505,100120,67.495000000,126
US1.ATVI,0,20200505,100122,67.500000000,100
US1.ATVI,0,20200505,100122,67.500000000,100
US1.ATVI,0,20200505,100122,67.500000000,100
US1.ATVI,0,20200505,100134,67.490000000,100
US1.ATVI,0,20200505,100134,67.490000000,100
US1.ATVI,0,20200505,100134,67.490000000,100
US1.ATVI,0,20200505,100134,67.490000000,200
US1.ATVI,0,20200505,100136,67.450000000,100
US1.ATVI,0,20200505,100136,67.450000000,100
US1.ATVI,0,20200505,100136,67.455000000,100
US1.ATVI,0,20200505,100136,67.450000000,200
US1.ATVI,0,20200505,100145,67.460000000,100
US1.ATVI,0,20200505,100148,67.450000000,200
US1.ATVI,0,20200505,100219,67.515000000,100
US1.ATVI,0,20200505,100219,67.520000000,100
US1.ATVI,0,20200505,100219,67.520000000,100
US1.ATVI,0,20200505,100220,67.535000000,100
US1.ATVI,0,20200505,100220,67.570000000,100
US1.ATVI,0,20200505,100230,67.570000000,236
US1.ATVI,0,20200505,100230,67.570000000,664
US1.ATVI,0,20200505,100230,67.570000000,230
US1.ATVI,0,20200505,100230,67.570000000,100
US1.ATVI,0,20200505,100239,67.600000000,100
US1.ATVI,0,20200505,100239,67.600000000,100
US1.ATVI,0,20200505,100239,67.600000000,100
US1.ATVI,0,20200505,100241,67.610000000,100
US1.ATVI,0,20200505,100243,67.610000000,200
US1.ATVI,0,20200505,100243,67.600000000,100
US1.ATVI,0,20200505,100245,67.615000000,100
US1.ATVI,0,20200505,100245,67.610000000,100
US1.ATVI,0,20200505,100245,67.610000000,200
US1.ATVI,0,20200505,100245,67.610000000,100
US1.ATVI,0,20200505,100246,67.620000000,100
US1.ATVI,0,20200505,100312,67.610000000,100
US1.ATVI,0,20200505,100312,67.610000000,100
US1.ATVI,0,20200505,100312,67.610000000,100
US1.ATVI,0,20200505,100312,67.610000000,100
US1.ATVI,0,20200505,100312,67.610000000,100
US1.ATVI,0,20200505,100312,67.610000000,100
US1.ATVI,0,20200505,100313,67.610000000,100
US1.ATVI,0,20200505,100313,67.610000000,100
US1.ATVI,0,20200505,100313,67.610000000,100
US1.ATVI,0,20200505,100313,67.610000000,100
US1.ATVI,0,20200505,100314,67.610000000,100
US1.ATVI,0,20200505,100318,67.610000000,200
US1.ATVI,0,20200505,100322,67.640000000,100
US1.ATVI,0,20200505,100333,67.680000000,100
US1.ATVI,0,20200505,100336,67.680000000,100
US1.ATVI,0,20200505,100345,67.670000000,100
US1.ATVI,0,20200505,100345,67.670000000,100
US1.ATVI,0,20200505,100345,67.670000000,100
US1.ATVI,0,20200505,100345,67.670000000,100
US1.ATVI,0,20200505,100345,67.670000000,100
US1.ATVI,0,20200505,100354,67.680000000,100
US1.ATVI,0,20200505,100401,67.670000000,100
US1.ATVI,0,20200505,100401,67.670000000,100
US1.ATVI,0,20200505,100401,67.670000000,100
US1.ATVI,0,20200505,100401,67.670000000,100
US1.ATVI,0,20200505,100404,67.670000000,100
US1.ATVI,0,20200505,100410,67.660000000,100
US1.ATVI,0,20200505,100410,67.660000000,200
US1.ATVI,0,20200505,100410,67.660000000,100
US1.ATVI,0,20200505,100410,67.650000000,200
US1.ATVI,0,20200505,100411,67.650000000,100
US1.ATVI,0,20200505,100424,67.650000000,100
US1.ATVI,0,20200505,100428,67.650000000,100
US1.ATVI,0,20200505,100428,67.650000000,100
US1.ATVI,0,20200505,100428,67.650000000,100
US1.ATVI,0,20200505,100428,67.650000000,200
US1.ATVI,0,20200505,100445,67.620000000,100
US1.ATVI,0,20200505,100449,67.615000000,200
US1.ATVI,0,20200505,100449,67.615000000,100
US1.ATVI,0,20200505,100449,67.610000000,145
US1.ATVI,0,20200505,100451,67.605000000,100
US1.ATVI,0,20200505,100451,67.600000000,200
US1.ATVI,0,20200505,100453,67.540000000,100
US1.ATVI,0,20200505,100502,67.460000000,101
US1.ATVI,0,20200505,100502,67.460000000,200
US1.ATVI,0,20200505,100513,67.480000000,100
US1.ATVI,0,20200505,100513,67.490000000,100
US1.ATVI,0,20200505,100513,67.500000000,100
US1.ATVI,0,20200505,100513,67.500000000,100
US1.ATVI,0,20200505,100514,67.490000000,100
US1.ATVI,0,20200505,100515,67.460000000,100
US1.ATVI,0,20200505,100517,67.460000000,100
US1.ATVI,0,20200505,100539,67.460000000,100
US1.ATVI,0,20200505,100541,67.480000000,100
US1.ATVI,0,20200505,100541,67.480000000,100
US1.ATVI,0,20200505,100542,67.470000000,100
US1.ATVI,0,20200505,100545,67.480000000,100
US1.ATVI,0,20200505,100551,67.470000000,200
US1.ATVI,0,20200505,100551,67.500000000,100
US1.ATVI,0,20200505,100551,67.500000000,100
US1.ATVI,0,20200505,100551,67.500000000,300
US1.ATVI,0,20200505,100551,67.500000000,200
US1.ATVI,0,20200505,100551,67.500000000,178
US1.ATVI,0,20200505,100551,67.500000000,171
US1.ATVI,0,20200505,100551,67.500000000,317
US1.ATVI,0,20200505,100551,67.500000000,183
US1.ATVI,0,20200505,100551,67.510000000,100
US1.ATVI,0,20200505,100552,67.510000000,100
US1.ATVI,0,20200505,100552,67.510000000,100
US1.ATVI,0,20200505,100552,67.510000000,100
US1.ATVI,0,20200505,100552,67.500000000,193
US1.ATVI,0,20200505,100552,67.500000000,307
US1.ATVI,0,20200505,100552,67.500000000,193
US1.ATVI,0,20200505,100552,67.500000000,500
US1.ATVI,0,20200505,100552,67.500000000,536
US1.ATVI,0,20200505,100552,67.500000000,466
US1.ATVI,0,20200505,100552,67.500000000,500
US1.ATVI,0,20200505,100600,67.510000000,100
US1.ATVI,0,20200505,100600,67.510000000,100
US1.ATVI,0,20200505,100600,67.505000000,100
US1.ATVI,0,20200505,100600,67.500000000,200
US1.ATVI,0,20200505,100600,67.500000000,300
US1.ATVI,0,20200505,100600,67.500000000,471
US1.ATVI,0,20200505,100600,67.500000000,500
US1.ATVI,0,20200505,100600,67.500000000,500
US1.ATVI,0,20200505,100600,67.500000000,4200
US1.ATVI,0,20200505,100600,67.500000000,200
US1.ATVI,0,20200505,100603,67.500000000,100
US1.ATVI,0,20200505,100605,67.500000000,200
US1.ATVI,0,20200505,100605,67.500000000,172
US1.ATVI,0,20200505,100606,67.500000000,300
US1.ATVI,0,20200505,100610,67.500000000,500
US1.ATVI,0,20200505,100610,67.500000000,100
US1.ATVI,0,20200505,100610,67.500000000,293
US1.ATVI,0,20200505,100610,67.500000000,100
US1.ATVI,0,20200505,100610,67.500000000,300
US1.ATVI,0,20200505,100610,67.500000000,500
US1.ATVI,0,20200505,100610,67.500000000,100
US1.ATVI,0,20200505,100610,67.500000000,100
US1.ATVI,0,20200505,100610,67.500000000,300
US1.ATVI,0,20200505,100610,67.500000000,7100
US1.ATVI,0,20200505,100610,67.500000000,250
US1.ATVI,0,20200505,100610,67.500000000,250
US1.ATVI,0,20200505,100611,67.500000000,300
US1.ATVI,0,20200505,100611,67.500000000,146
US1.ATVI,0,20200505,100614,67.500000000,190
US1.ATVI,0,20200505,100617,67.500000000,100
US1.ATVI,0,20200505,100635,67.510000000,100
US1.ATVI,0,20200505,100635,67.510000000,200
US1.ATVI,0,20200505,100635,67.510000000,150
US1.ATVI,0,20200505,100635,67.530000000,100
US1.ATVI,0,20200505,100701,67.580000000,200
US1.ATVI,0,20200505,100720,67.610000000,200
US1.ATVI,0,20200505,100721,67.615000000,296
US1.ATVI,0,20200505,100726,67.615000000,100
US1.ATVI,0,20200505,100726,67.610000000,190
US1.ATVI,0,20200505,100726,67.620000000,200
US1.ATVI,0,20200505,100726,67.620000000,200
US1.ATVI,0,20200505,100731,67.630000000,100
US1.ATVI,0,20200505,100738,67.620000000,110
US1.ATVI,0,20200505,100738,67.620000000,190
US1.ATVI,0,20200505,100747,67.590000000,100
US1.ATVI,0,20200505,100754,67.610000000,200
US1.ATVI,0,20200505,100807,67.620000000,100
US1.ATVI,0,20200505,100807,67.620000000,100
US1.ATVI,0,20200505,100810,67.630000000,100
US1.ATVI,0,20200505,100810,67.630000000,100
US1.ATVI,0,20200505,100810,67.640000000,100
US1.ATVI,0,20200505,100834,67.660000000,200
US1.ATVI,0,20200505,100843,67.645000000,100
US1.ATVI,0,20200505,100843,67.650000000,200
US1.ATVI,0,20200505,100844,67.645000000,100
US1.ATVI,0,20200505,100844,67.650000000,100
US1.ATVI,0,20200505,100845,67.650000000,100
US1.ATVI,0,20200505,100854,67.650000000,100
US1.ATVI,0,20200505,100900,67.650000000,200
US1.ATVI,0,20200505,100920,67.640000000,100
US1.ATVI,0,20200505,100920,67.640000000,100
US1.ATVI,0,20200505,100921,67.660000000,100
US1.ATVI,0,20200505,100921,67.660000000,100
US1.ATVI,0,20200505,100921,67.660000000,100
US1.ATVI,0,20200505,100924,67.655000000,100
US1.ATVI,0,20200505,100924,67.650000000,100
US1.ATVI,0,20200505,100930,67.690000000,114
US1.ATVI,0,20200505,100931,67.680000000,100
US1.ATVI,0,20200505,100931,67.690000000,100
US1.ATVI,0,20200505,100933,67.690000000,100
US1.ATVI,0,20200505,100933,67.700000000,100
US1.ATVI,0,20200505,100937,67.680000000,200
US1.ATVI,0,20200505,100937,67.690000000,100
US1.ATVI,0,20200505,100941,67.700000000,200
US1.ATVI,0,20200505,100941,67.700000000,100
US1.ATVI,0,20200505,100941,67.710000000,100
US1.ATVI,0,20200505,100941,67.710000000,100
US1.ATVI,0,20200505,100943,67.720000000,200
US1.ATVI,0,20200505,100950,67.710000000,160
US1.ATVI,0,20200505,101002,67.690000000,100
US1.ATVI,0,20200505,101002,67.695000000,100
US1.ATVI,0,20200505,101006,67.695000000,100
US1.ATVI,0,20200505,101006,67.690000000,100
US1.ATVI,0,20200505,101007,67.700000000,100
US1.ATVI,0,20200505,101009,67.700000000,100
US1.ATVI,0,20200505,101014,67.690000000,100
US1.ATVI,0,20200505,101014,67.700000000,100
US1.ATVI,0,20200505,101015,67.710000000,100
US1.ATVI,0,20200505,101015,67.710000000,100
US1.ATVI,0,20200505,101021,67.700000000,100
US1.ATVI,0,20200505,101041,67.710000000,100
US1.ATVI,0,20200505,101041,67.710000000,200
US1.ATVI,0,20200505,101045,67.710000000,200
US1.ATVI,0,20200505,101048,67.700000000,200
US1.ATVI,0,20200505,101052,67.720000000,100
US1.ATVI,0,20200505,101052,67.700000000,198
US1.ATVI,0,20200505,101107,67.695000000,375
US1.ATVI,0,20200505,101107,67.695000000,375
US1.ATVI,0,20200505,101107,67.695000000,375
US1.ATVI,0,20200505,101107,67.700000000,100
US1.ATVI,0,20200505,101111,67.700000000,100
US1.ATVI,0,20200505,101115,67.695000000,300
US1.ATVI,0,20200505,101115,67.695000000,300
US1.ATVI,0,20200505,101115,67.695000000,100
US1.ATVI,0,20200505,101115,67.695000000,300
US1.ATVI,0,20200505,101115,67.695000000,100
US1.ATVI,0,20200505,101115,67.695000000,100
US1.ATVI,0,20200505,101115,67.695000000,100
US1.ATVI,0,20200505,101115,67.695000000,116
US1.ATVI,0,20200505,101115,67.695000000,100
US1.ATVI,0,20200505,101115,67.690000000,158
US1.ATVI,0,20200505,101115,67.690000000,100
US1.ATVI,0,20200505,101115,67.690000000,158
US1.ATVI,0,20200505,101115,67.690000000,100
US1.ATVI,0,20200505,101115,67.690000000,100
US1.ATVI,0,20200505,101120,67.695000000,300
US1.ATVI,0,20200505,101122,67.695000000,1100
US1.ATVI,0,20200505,101122,67.695000000,300
US1.ATVI,0,20200505,101122,67.695000000,300
US1.ATVI,0,20200505,101132,67.700000000,100
US1.ATVI,0,20200505,101132,67.710000000,100
US1.ATVI,0,20200505,101132,67.710000000,100
US1.ATVI,0,20200505,101132,67.710000000,100
US1.ATVI,0,20200505,101132,67.710000000,100
US1.ATVI,0,20200505,101132,67.710000000,100
US1.ATVI,0,20200505,101132,67.720000000,100
US1.ATVI,0,20200505,101132,67.720000000,100
US1.ATVI,0,20200505,101132,67.720000000,100
US1.ATVI,0,20200505,101139,67.730000000,200
US1.ATVI,0,20200505,101139,67.730000000,100
US1.ATVI,0,20200505,101139,67.730000000,100
US1.ATVI,0,20200505,101139,67.730000000,200
US1.ATVI,0,20200505,101140,67.730000000,100
US1.ATVI,0,20200505,101141,67.730000000,100
US1.ATVI,0,20200505,101155,67.740000000,800
US1.ATVI,0,20200505,101155,67.740000000,100
US1.ATVI,0,20200505,101156,67.740000000,100
US1.ATVI,0,20200505,101203,67.750000000,200
US1.ATVI,0,20200505,101204,67.775000000,100
US1.ATVI,0,20200505,101213,67.750000000,100
US1.ATVI,0,20200505,101214,67.770000000,100
US1.ATVI,0,20200505,101221,67.785000000,100
US1.ATVI,0,20200505,101221,67.780000000,100
US1.ATVI,0,20200505,101221,67.780000000,100
US1.ATVI,0,20200505,101222,67.775000000,109
US1.ATVI,0,20200505,101222,67.775000000,109
US1.ATVI,0,20200505,101222,67.775000000,100
US1.ATVI,0,20200505,101222,67.775000000,109
US1.ATVI,0,20200505,101222,67.775000000,109
US1.ATVI,0,20200505,101222,67.775000000,109
US1.ATVI,0,20200505,101222,67.775000000,109
US1.ATVI,0,20200505,101228,67.770000000,100
US1.ATVI,0,20200505,101243,67.800000000,100
US1.ATVI,0,20200505,101300,67.805000000,100
US1.ATVI,0,20200505,101304,67.815000000,100
US1.ATVI,0,20200505,101304,67.815000000,100
US1.ATVI,0,20200505,101307,67.810000000,200
US1.ATVI,0,20200505,101309,67.820000000,100
US1.ATVI,0,20200505,101309,67.820000000,100
US1.ATVI,0,20200505,101310,67.820000000,108
US1.ATVI,0,20200505,101310,67.820000000,100
US1.ATVI,0,20200505,101312,67.820000000,200
US1.ATVI,0,20200505,101312,67.810000000,100
US1.ATVI,0,20200505,101312,67.810000000,199
US1.ATVI,0,20200505,101316,67.820000000,200
US1.ATVI,0,20200505,101316,67.820000000,100
US1.ATVI,0,20200505,101318,67.805000000,100
US1.ATVI,0,20200505,101318,67.805000000,100
US1.ATVI,0,20200505,101318,67.800000000,195
US1.ATVI,0,20200505,101318,67.800000000,100
US1.ATVI,0,20200505,101318,67.800000000,195
US1.ATVI,0,20200505,101318,67.800000000,100
US1.ATVI,0,20200505,101318,67.800000000,100
US1.ATVI,0,20200505,101328,67.810000000,100
US1.ATVI,0,20200505,101330,67.815000000,100
US1.ATVI,0,20200505,101333,67.815000000,200
US1.ATVI,0,20200505,101336,67.810000000,100
US1.ATVI,0,20200505,101340,67.815000000,200
US1.ATVI,0,20200505,101340,67.810000000,200
US1.ATVI,0,20200505,101340,67.810000000,1699
US1.ATVI,0,20200505,101340,67.810000000,100
US1.ATVI,0,20200505,101341,67.800000000,100
US1.ATVI,0,20200505,101341,67.800000000,100
US1.ATVI,0,20200505,101341,67.800000000,100
US1.ATVI,0,20200505,101341,67.800000000,100
US1.ATVI,0,20200505,101341,67.800000000,100
US1.ATVI,0,20200505,101341,67.800000000,495
US1.ATVI,0,20200505,101341,67.800000000,405
US1.ATVI,0,20200505,101341,67.800000000,100
US1.ATVI,0,20200505,101341,67.800000000,100
US1.ATVI,0,20200505,101341,67.800000000,100
US1.ATVI,0,20200505,101346,67.800000000,100
US1.ATVI,0,20200505,101346,67.800000000,100
US1.ATVI,0,20200505,101346,67.800000000,100
US1.ATVI,0,20200505,101346,67.800000000,100
US1.ATVI,0,20200505,101347,67.800000000,100
US1.ATVI,0,20200505,101347,67.800000000,100
US1.ATVI,0,20200505,101351,67.795000000,500
US1.ATVI,0,20200505,101351,67.795000000,209
US1.ATVI,0,20200505,101351,67.790000000,100
US1.ATVI,0,20200505,101351,67.790000000,100
US1.ATVI,0,20200505,101356,67.795000000,150
US1.ATVI,0,20200505,101356,67.795000000,100
US1.ATVI,0,20200505,101356,67.795000000,150
US1.ATVI,0,20200505,101356,67.795000000,190
US1.ATVI,0,20200505,101356,67.795000000,100
US1.ATVI,0,20200505,101356,67.795000000,322
US1.ATVI,0,20200505,101356,67.795000000,100
US1.ATVI,0,20200505,101356,67.795000000,100
US1.ATVI,0,20200505,101358,67.795000000,100
US1.ATVI,0,20200505,101359,67.795000000,100
US1.ATVI,0,20200505,101402,67.800000000,100
US1.ATVI,0,20200505,101402,67.800000000,100
US1.ATVI,0,20200505,101402,67.810000000,100
US1.ATVI,0,20200505,101402,67.810000000,100
US1.ATVI,0,20200505,101402,67.810000000,100
US1.ATVI,0,20200505,101402,67.810000000,100
US1.ATVI,0,20200505,101403,67.800000000,174
US1.ATVI,0,20200505,101403,67.800000000,200
US1.ATVI,0,20200505,101410,67.795000000,100
US1.ATVI,0,20200505,101413,67.780000000,100
US1.ATVI,0,20200505,101413,67.780000000,100
US1.ATVI,0,20200505,101417,67.780000000,100
US1.ATVI,0,20200505,101418,67.770000000,200
US1.ATVI,0,20200505,101428,67.780000000,150
US1.ATVI,0,20200505,101435,67.780000000,100
US1.ATVI,0,20200505,101435,67.780000000,100
US1.ATVI,0,20200505,101437,67.790000000,100
US1.ATVI,0,20200505,101437,67.790000000,100
US1.ATVI,0,20200505,101437,67.790000000,100
US1.ATVI,0,20200505,101439,67.790000000,200
US1.ATVI,0,20200505,101439,67.800000000,100
US1.ATVI,0,20200505,101439,67.800000000,100
US1.ATVI,0,20200505,101439,67.800000000,100
US1.ATVI,0,20200505,101441,67.800000000,200
US1.ATVI,0,20200505,101443,67.790000000,100
US1.ATVI,0,20200505,101443,67.790000000,100
US1.ATVI,0,20200505,101444,67.790000000,100
US1.ATVI,0,20200505,101511,67.740000000,100
US1.ATVI,0,20200505,101511,67.730000000,150
US1.ATVI,0,20200505,101511,67.730000000,300
US1.ATVI,0,20200505,101512,67.720000000,100
US1.ATVI,0,20200505,101512,67.710000000,200
US1.ATVI,0,20200505,101512,67.710000000,200
US1.ATVI,0,20200505,101514,67.700000000,100
US1.ATVI,0,20200505,101516,67.710000000,200
US1.ATVI,0,20200505,101516,67.710000000,100
US1.ATVI,0,20200505,101516,67.710000000,100
US1.ATVI,0,20200505,101520,67.710000000,100
US1.ATVI,0,20200505,101520,67.710000000,100
US1.ATVI,0,20200505,101520,67.710000000,100
US1.ATVI,0,20200505,101524,67.705000000,100
US1.ATVI,0,20200505,101524,67.705000000,510
US1.ATVI,0,20200505,101527,67.710000000,100
US1.ATVI,0,20200505,101530,67.710000000,100
US1.ATVI,0,20200505,101530,67.720000000,100
US1.ATVI,0,20200505,101537,67.730000000,100
US1.ATVI,0,20200505,101559,67.760000000,100
US1.ATVI,0,20200505,101600,67.770000000,100
US1.ATVI,0,20200505,101600,67.770000000,200
US1.ATVI,0,20200505,101608,67.755000000,100
US1.ATVI,0,20200505,101622,67.755000000,100
US1.ATVI,0,20200505,101623,67.755000000,100
US1.ATVI,0,20200505,101624,67.760000000,100
US1.ATVI,0,20200505,101624,67.760000000,100
US1.ATVI,0,20200505,101628,67.760000000,100
US1.ATVI,0,20200505,101628,67.760000000,100
US1.ATVI,0,20200505,101629,67.760000000,100
US1.ATVI,0,20200505,101634,67.770000000,100
US1.ATVI,0,20200505,101642,67.800000000,200
US1.ATVI,0,20200505,101647,67.770000000,100
US1.ATVI,0,20200505,101703,67.770000000,100
US1.ATVI,0,20200505,101703,67.770000000,100
US1.ATVI,0,20200505,101723,67.760000000,100
US1.ATVI,0,20200505,101725,67.760000000,102
US1.ATVI,0,20200505,101725,67.760000000,200
US1.ATVI,0,20200505,101725,67.760000000,100
US1.ATVI,0,20200505,101725,67.750000000,100
US1.ATVI,0,20200505,101738,67.750000000,100
US1.ATVI,0,20200505,101738,67.750000000,100
US1.ATVI,0,20200505,101738,67.750000000,100
US1.ATVI,0,20200505,101738,67.750000000,100
US1.ATVI,0,20200505,101739,67.750000000,100
US1.ATVI,0,20200505,101739,67.750000000,300
US1.ATVI,0,20200505,101739,67.750000000,100
US1.ATVI,0,20200505,101739,67.750000000,511
US1.ATVI,0,20200505,101739,67.750000000,689
US1.ATVI,0,20200505,101739,67.750000000,100
US1.ATVI,0,20200505,101740,67.750000000,100
US1.ATVI,0,20200505,101740,67.750000000,100
US1.ATVI,0,20200505,101740,67.750000000,100
US1.ATVI,0,20200505,101740,67.750000000,100
US1.ATVI,0,20200505,101740,67.750000000,100
US1.ATVI,0,20200505,101740,67.750000000,100
US1.ATVI,0,20200505,101740,67.750000000,100
US1.ATVI,0,20200505,101740,67.750000000,300
US1.ATVI,0,20200505,101740,67.750000000,200
US1.ATVI,0,20200505,101740,67.760000000,100
US1.ATVI,0,20200505,101741,67.750000000,200
US1.ATVI,0,20200505,101741,67.750000000,200
US1.ATVI,0,20200505,101744,67.750000000,198
US1.ATVI,0,20200505,101746,67.750000000,200
US1.ATVI,0,20200505,101746,67.740000000,100
US1.ATVI,0,20200505,101746,67.750000000,200
US1.ATVI,0,20200505,101746,67.750000000,200
US1.ATVI,0,20200505,101746,67.750000000,200
US1.ATVI,0,20200505,101753,67.760000000,100
US1.ATVI,0,20200505,101753,67.760000000,100
US1.ATVI,0,20200505,101753,67.760000000,100
US1.ATVI,0,20200505,101753,67.760000000,100
US1.ATVI,0,20200505,101753,67.760000000,100
US1.ATVI,0,20200505,101753,67.760000000,100
US1.ATVI,0,20200505,101753,67.760000000,100
US1.ATVI,0,20200505,101754,67.760000000,200
US1.ATVI,0,20200505,101806,67.765000000,100
US1.ATVI,0,20200505,101809,67.760000000,100
US1.ATVI,0,20200505,101817,67.750000000,172
US1.ATVI,0,20200505,101817,67.750000000,100
US1.ATVI,0,20200505,101817,67.750000000,100
US1.ATVI,0,20200505,101820,67.750000000,100
US1.ATVI,0,20200505,101820,67.750000000,100
US1.ATVI,0,20200505,101828,67.750000000,100
US1.ATVI,0,20200505,101828,67.750000000,100
US1.ATVI,0,20200505,101828,67.750000000,100
US1.ATVI,0,20200505,101828,67.750000000,100
US1.ATVI,0,20200505,101828,67.750000000,100
US1.ATVI,0,20200505,101830,67.750000000,100
US1.ATVI,0,20200505,101831,67.750000000,100
US1.ATVI,0,20200505,101831,67.750000000,100
US1.ATVI,0,20200505,101831,67.750000000,100
US1.ATVI,0,20200505,101831,67.750000000,100
US1.ATVI,0,20200505,101832,67.750000000,100
US1.ATVI,0,20200505,101832,67.750000000,100
US1.ATVI,0,20200505,101832,67.750000000,100
US1.ATVI,0,20200505,101832,67.750000000,100
US1.ATVI,0,20200505,101832,67.750000000,100
US1.ATVI,0,20200505,101832,67.750000000,100
US1.ATVI,0,20200505,101833,67.750000000,100
US1.ATVI,0,20200505,101833,67.750000000,100
US1.ATVI,0,20200505,101833,67.750000000,100
US1.ATVI,0,20200505,101833,67.750000000,100
US1.ATVI,0,20200505,101833,67.750000000,100
US1.ATVI,0,20200505,101833,67.750000000,100
US1.ATVI,0,20200505,101833,67.750000000,100
US1.ATVI,0,20200505,101833,67.750000000,100
US1.ATVI,0,20200505,101833,67.750000000,100
US1.ATVI,0,20200505,101833,67.750000000,100
US1.ATVI,0,20200505,101833,67.750000000,100
US1.ATVI,0,20200505,101834,67.750000000,200
US1.ATVI,0,20200505,101834,67.750000000,100
US1.ATVI,0,20200505,101834,67.750000000,100
US1.ATVI,0,20200505,101846,67.750000000,200
US1.ATVI,0,20200505,101846,67.750000000,200
US1.ATVI,0,20200505,101847,67.750000000,100
US1.ATVI,0,20200505,101847,67.750000000,100
US1.ATVI,0,20200505,101847,67.750000000,100
US1.ATVI,0,20200505,101850,67.760000000,200
US1.ATVI,0,20200505,101850,67.760000000,100
US1.ATVI,0,20200505,101850,67.760000000,200
US1.ATVI,0,20200505,101852,67.770000000,100
US1.ATVI,0,20200505,101852,67.770000000,179
US1.ATVI,0,20200505,101857,67.770000000,100
US1.ATVI,0,20200505,101857,67.780000000,100
US1.ATVI,0,20200505,101901,67.780000000,100
US1.ATVI,0,20200505,101901,67.785000000,100
US1.ATVI,0,20200505,101913,67.790000000,100
US1.ATVI,0,20200505,101913,67.800000000,100
US1.ATVI,0,20200505,101913,67.800000000,100
US1.ATVI,0,20200505,101913,67.800000000,100
US1.ATVI,0,20200505,101917,67.800000000,200
US1.ATVI,0,20200505,101917,67.800000000,100
US1.ATVI,0,20200505,101917,67.810000000,100
US1.ATVI,0,20200505,101917,67.810000000,100
US1.ATVI,0,20200505,101920,67.810000000,100
US1.ATVI,0,20200505,101922,67.810000000,100
US1.ATVI,0,20200505,101925,67.835000000,100
US1.ATVI,0,20200505,101926,67.845000000,100
US1.ATVI,0,20200505,101932,67.835000000,100
US1.ATVI,0,20200505,101932,67.840000000,100
US1.ATVI,0,20200505,101932,67.840000000,100
US1.ATVI,0,20200505,101932,67.840000000,100
US1.ATVI,0,20200505,101938,67.860000000,199
US1.ATVI,0,20200505,101938,67.855000000,200
US1.ATVI,0,20200505,101938,67.850000000,138
US1.ATVI,0,20200505,101939,67.840000000,200
US1.ATVI,0,20200505,101939,67.830000000,100
US1.ATVI,0,20200505,101939,67.830000000,100
US1.ATVI,0,20200505,101940,67.830000000,200
US1.ATVI,0,20200505,101941,67.820000000,200
US1.ATVI,0,20200505,101946,67.820000000,182
US1.ATVI,0,20200505,101946,67.820000000,118
US1.ATVI,0,20200505,101946,67.830000000,100
US1.ATVI,0,20200505,101950,67.850000000,200
US1.ATVI,0,20200505,101952,67.860000000,100
US1.ATVI,0,20200505,101956,67.850000000,100
US1.ATVI,0,20200505,102002,67.845000000,100
US1.ATVI,0,20200505,102012,67.830000000,100
US1.ATVI,0,20200505,102015,67.850000000,100
US1.ATVI,0,20200505,102015,67.855000000,100
US1.ATVI,0,20200505,102018,67.870000000,127
US1.ATVI,0,20200505,102021,67.865000000,100
US1.ATVI,0,20200505,102021,67.865000000,100
US1.ATVI,0,20200505,102021,67.860000000,200
US1.ATVI,0,20200505,102021,67.860000000,100
US1.ATVI,0,20200505,102022,67.840000000,100
US1.ATVI,0,20200505,102027,67.860000000,100
US1.ATVI,0,20200505,102027,67.860000000,100
US1.ATVI,0,20200505,102027,67.860000000,100
US1.ATVI,0,20200505,102105,67.870000000,100
US1.ATVI,0,20200505,102111,67.890000000,100
US1.ATVI,0,20200505,102123,67.860000000,100
US1.ATVI,0,20200505,102123,67.860000000,100
US1.ATVI,0,20200505,102123,67.860000000,100
US1.ATVI,0,20200505,102128,67.850000000,100
US1.ATVI,0,20200505,102128,67.850000000,100
US1.ATVI,0,20200505,102128,67.850000000,100
US1.ATVI,0,20200505,102128,67.850000000,200
US1.ATVI,0,20200505,102129,67.840000000,154
US1.ATVI,0,20200505,102134,67.850000000,100
US1.ATVI,0,20200505,102140,67.860000000,100
US1.ATVI,0,20200505,102140,67.860000000,100
US1.ATVI,0,20200505,102141,67.860000000,100
US1.ATVI,0,20200505,102141,67.860000000,100
US1.ATVI,0,20200505,102148,67.870000000,100
US1.ATVI,0,20200505,102148,67.870000000,100
US1.ATVI,0,20200505,102149,67.870000000,200
US1.ATVI,0,20200505,102151,67.880000000,100
US1.ATVI,0,20200505,102151,67.880000000,100
US1.ATVI,0,20200505,102156,67.895000000,100
US1.ATVI,0,20200505,102157,67.890000000,100
US1.ATVI,0,20200505,102204,67.930000000,1300
US1.ATVI,0,20200505,102204,67.930000000,1200
US1.ATVI,0,20200505,102210,67.925000000,100
US1.ATVI,0,20200505,102210,67.920000000,100
US1.ATVI,0,20200505,102211,67.900000000,148
US1.ATVI,0,20200505,102212,67.900000000,152
US1.ATVI,0,20200505,102212,67.900000000,100
US1.ATVI,0,20200505,102217,67.900000000,200
US1.ATVI,0,20200505,102217,67.900000000,200
US1.ATVI,0,20200505,102220,67.890000000,100
US1.ATVI,0,20200505,102220,67.890000000,100
US1.ATVI,0,20200505,102227,67.880000000,100
US1.ATVI,0,20200505,102228,67.880000000,100
US1.ATVI,0,20200505,102229,67.880000000,200
US1.ATVI,0,20200505,102230,67.880000000,100
US1.ATVI,0,20200505,102232,67.880000000,100
US1.ATVI,0,20200505,102234,67.880000000,100
US1.ATVI,0,20200505,102235,67.870000000,200
US1.ATVI,0,20200505,102235,67.870000000,100
US1.ATVI,0,20200505,102244,67.870000000,100
US1.ATVI,0,20200505,102244,67.870000000,100
US1.ATVI,0,20200505,102256,67.820000000,300
US1.ATVI,0,20200505,102259,67.820000000,100
US1.ATVI,0,20200505,102301,67.820000000,200
US1.ATVI,0,20200505,102301,67.810000000,100
US1.ATVI,0,20200505,102302,67.780000000,100
US1.ATVI,0,20200505,102305,67.760000000,200
US1.ATVI,0,20200505,102305,67.760000000,200
US1.ATVI,0,20200505,102305,67.760000000,100
US1.ATVI,0,20200505,102305,67.760000000,100
US1.ATVI,0,20200505,102306,67.735000000,100
US1.ATVI,0,20200505,102306,67.735000000,100
US1.ATVI,0,20200505,102307,67.730000000,120
US1.ATVI,0,20200505,102309,67.700000000,116
US1.ATVI,0,20200505,102309,67.680000000,100
US1.ATVI,0,20200505,102309,67.680000000,100
US1.ATVI,0,20200505,102309,67.680000000,100
US1.ATVI,0,20200505,102314,67.640000000,100
US1.ATVI,0,20200505,102314,67.640000000,100
US1.ATVI,0,20200505,102314,67.630000000,100
US1.ATVI,0,20200505,102315,67.590000000,200
US1.ATVI,0,20200505,102315,67.590000000,100
US1.ATVI,0,20200505,102315,67.590000000,100
US1.ATVI,0,20200505,102317,67.600000000,100
US1.ATVI,0,20200505,102317,67.600000000,100
US1.ATVI,0,20200505,102323,67.600000000,100
US1.ATVI,0,20200505,102323,67.600000000,100
US1.ATVI,0,20200505,102323,67.600000000,100
US1.ATVI,0,20200505,102323,67.600000000,100
US1.ATVI,0,20200505,102323,67.600000000,100
US1.ATVI,0,20200505,102323,67.610000000,100
US1.ATVI,0,20200505,102323,67.610000000,100
US1.ATVI,0,20200505,102324,67.620000000,200
US1.ATVI,0,20200505,102327,67.630000000,100
US1.ATVI,0,20200505,102332,67.650000000,100
US1.ATVI,0,20200505,102332,67.650000000,100
US1.ATVI,0,20200505,102332,67.650000000,100
US1.ATVI,0,20200505,102340,67.640000000,100
US1.ATVI,0,20200505,102343,67.640000000,100
US1.ATVI,0,20200505,102347,67.650000000,100
US1.ATVI,0,20200505,102347,67.650000000,100
US1.ATVI,0,20200505,102353,67.630000000,200
US1.ATVI,0,20200505,102353,67.630000000,100
US1.ATVI,0,20200505,102359,67.640000000,100
US1.ATVI,0,20200505,102359,67.640000000,100
US1.ATVI,0,20200505,102406,67.640000000,100
US1.ATVI,0,20200505,102416,67.650000000,100
US1.ATVI,0,20200505,102416,67.650000000,100
US1.ATVI,0,20200505,102419,67.640000000,100
US1.ATVI,0,20200505,102434,67.610000000,100
US1.ATVI,0,20200505,102439,67.610000000,200
US1.ATVI,0,20200505,102439,67.610000000,100
US1.ATVI,0,20200505,102439,67.610000000,100
US1.ATVI,0,20200505,102444,67.615000000,100
US1.ATVI,0,20200505,102444,67.620000000,100
US1.ATVI,0,20200505,102449,67.600000000,200
US1.ATVI,0,20200505,102508,67.620000000,100
US1.ATVI,0,20200505,102508,67.620000000,100
US1.ATVI,0,20200505,102511,67.610000000,200
US1.ATVI,0,20200505,102513,67.600000000,200
US1.ATVI,0,20200505,102517,67.610000000,100
US1.ATVI,0,20200505,102519,67.610000000,100
US1.ATVI,0,20200505,102531,67.635000000,100
US1.ATVI,0,20200505,102531,67.640000000,100
US1.ATVI,0,20200505,102531,67.640000000,100
US1.ATVI,0,20200505,102537,67.650000000,157
US1.ATVI,0,20200505,102540,67.660000000,100
US1.ATVI,0,20200505,102541,67.665000000,100
US1.ATVI,0,20200505,102549,67.620000000,100
US1.ATVI,0,20200505,102550,67.620000000,100
US1.ATVI,0,20200505,102550,67.620000000,100
US1.ATVI,0,20200505,102600,67.630000000,100
US1.ATVI,0,20200505,102600,67.630000000,100
US1.ATVI,0,20200505,102600,67.630000000,100
US1.ATVI,0,20200505,102612,67.620000000,100
US1.ATVI,0,20200505,102612,67.620000000,100
US1.ATVI,0,20200505,102612,67.620000000,100
US1.ATVI,0,20200505,102612,67.620000000,100
US1.ATVI,0,20200505,102612,67.620000000,100
US1.ATVI,0,20200505,102612,67.620000000,100
US1.ATVI,0,20200505,102612,67.615000000,115
US1.ATVI,0,20200505,102628,67.610000000,100
US1.ATVI,0,20200505,102628,67.610000000,100
US1.ATVI,0,20200505,102628,67.610000000,100
US1.ATVI,0,20200505,102628,67.610000000,100
US1.ATVI,0,20200505,102635,67.610000000,100
US1.ATVI,0,20200505,102635,67.610000000,100
US1.ATVI,0,20200505,102635,67.610000000,100
US1.ATVI,0,20200505,102635,67.610000000,100
US1.ATVI,0,20200505,102635,67.610000000,100
US1.ATVI,0,20200505,102635,67.610000000,100
US1.ATVI,0,20200505,102636,67.610000000,100
US1.ATVI,0,20200505,102638,67.600000000,100
US1.ATVI,0,20200505,102645,67.600000000,100
US1.ATVI,0,20200505,102645,67.600000000,100
US1.ATVI,0,20200505,102645,67.600000000,100
US1.ATVI,0,20200505,102657,67.600000000,200
US1.ATVI,0,20200505,102657,67.600000000,100
US1.ATVI,0,20200505,102657,67.600000000,100
US1.ATVI,0,20200505,102657,67.600000000,100
US1.ATVI,0,20200505,102657,67.600000000,100
US1.ATVI,0,20200505,102657,67.600000000,100
US1.ATVI,0,20200505,102657,67.600000000,100
US1.ATVI,0,20200505,102657,67.600000000,100
US1.ATVI,0,20200505,102700,67.610000000,100
US1.ATVI,0,20200505,102704,67.590000000,100
US1.ATVI,0,20200505,102704,67.590000000,100
US1.ATVI,0,20200505,102705,67.600000000,200
US1.ATVI,0,20200505,102705,67.600000000,100
US1.ATVI,0,20200505,102706,67.600000000,100
US1.ATVI,0,20200505,102721,67.600000000,100
US1.ATVI,0,20200505,102722,67.590000000,100
US1.ATVI,0,20200505,102729,67.550000000,100
US1.ATVI,0,20200505,102729,67.550000000,100
US1.ATVI,0,20200505,102729,67.550000000,100
US1.ATVI,0,20200505,102729,67.550000000,155
US1.ATVI,0,20200505,102733,67.530000000,100
US1.ATVI,0,20200505,102744,67.540000000,100
US1.ATVI,0,20200505,102747,67.550000000,200
US1.ATVI,0,20200505,102748,67.565000000,100
US1.ATVI,0,20200505,102748,67.560000000,200
US1.ATVI,0,20200505,102748,67.560000000,100
US1.ATVI,0,20200505,102748,67.560000000,100
US1.ATVI,0,20200505,102759,67.530000000,200
US1.ATVI,0,20200505,102759,67.530000000,100
US1.ATVI,0,20200505,102810,67.510000000,200
US1.ATVI,0,20200505,102810,67.510000000,100
US1.ATVI,0,20200505,102816,67.500000000,100
US1.ATVI,0,20200505,102816,67.500000000,106
US1.ATVI,0,20200505,102816,67.490000000,200
US1.ATVI,0,20200505,102821,67.490000000,100
US1.ATVI,0,20200505,102852,67.440000000,100
US1.ATVI,0,20200505,102852,67.440000000,100
US1.ATVI,0,20200505,102852,67.440000000,100
US1.ATVI,0,20200505,102859,67.440000000,136
US1.ATVI,0,20200505,102902,67.430000000,100
US1.ATVI,0,20200505,102911,67.440000000,100
US1.ATVI,0,20200505,102911,67.440000000,100
US1.ATVI,0,20200505,102917,67.460000000,200
US1.ATVI,0,20200505,102917,67.470000000,100
US1.ATVI,0,20200505,102925,67.520000000,200
US1.ATVI,0,20200505,102927,67.520000000,100
US1.ATVI,0,20200505,102941,67.500000000,200
US1.ATVI,0,20200505,102949,67.500000000,100
US1.ATVI,0,20200505,102949,67.500000000,125
US1.ATVI,0,20200505,102949,67.500000000,100
US1.ATVI,0,20200505,102954,67.490000000,100
US1.ATVI,0,20200505,102958,67.510000000,100
US1.ATVI,0,20200505,102959,67.510000000,100
US1.ATVI,0,20200505,103000,67.510000000,100
US1.ATVI,0,20200505,103000,67.510000000,100
US1.ATVI,0,20200505,103002,67.520000000,100
US1.ATVI,0,20200505,103002,67.520000000,100
US1.ATVI,0,20200505,103002,67.520000000,100
US1.ATVI,0,20200505,103002,67.530000000,100
US1.ATVI,0,20200505,103011,67.575000000,100
US1.ATVI,0,20200505,103013,67.590000000,100
US1.ATVI,0,20200505,103013,67.600000000,100
US1.ATVI,0,20200505,103016,67.620000000,100
US1.ATVI,0,20200505,103017,67.620000000,100
US1.ATVI,0,20200505,103020,67.630000000,100
US1.ATVI,0,20200505,103026,67.615000000,100
US1.ATVI,0,20200505,103026,67.615000000,100
US1.ATVI,0,20200505,103037,67.630000000,100
US1.ATVI,0,20200505,103039,67.650000000,100
US1.ATVI,0,20200505,103039,67.680000000,100
US1.ATVI,0,20200505,103039,67.660000000,100
US1.ATVI,0,20200505,103039,67.660000000,100
US1.ATVI,0,20200505,103049,67.630000000,100
US1.ATVI,0,20200505,103049,67.630000000,100
US1.ATVI,0,20200505,103049,67.630000000,100
US1.ATVI,0,20200505,103056,67.670000000,200
US1.ATVI,0,20200505,103056,67.700000000,100
US1.ATVI,0,20200505,103057,67.710000000,200
US1.ATVI,0,20200505,103057,67.710000000,200
US1.ATVI,0,20200505,103057,67.710000000,100
US1.ATVI,0,20200505,103057,67.730000000,200
US1.ATVI,0,20200505,103057,67.720000000,100
US1.ATVI,0,20200505,103057,67.720000000,100
US1.ATVI,0,20200505,103058,67.715000000,100
US1.ATVI,0,20200505,103058,67.715000000,100
US1.ATVI,0,20200505,103058,67.710000000,100
US1.ATVI,0,20200505,103058,67.710000000,100
US1.ATVI,0,20200505,103103,67.720000000,100
US1.ATVI,0,20200505,103103,67.720000000,100
US1.ATVI,0,20200505,103103,67.730000000,100
US1.ATVI,0,20200505,103103,67.720000000,147
US1.ATVI,0,20200505,103103,67.720000000,100
US1.ATVI,0,20200505,103104,67.710000000,100
US1.ATVI,0,20200505,103104,67.710000000,100
US1.ATVI,0,20200505,103104,67.710000000,100
US1.ATVI,0,20200505,103107,67.710000000,100
US1.ATVI,0,20200505,103107,67.710000000,100
US1.ATVI,0,20200505,103107,67.710000000,100
US1.ATVI,0,20200505,103112,67.720000000,100
US1.ATVI,0,20200505,103113,67.715000000,100
US1.ATVI,0,20200505,103125,67.710000000,200
US1.ATVI,0,20200505,103125,67.710000000,100
US1.ATVI,0,20200505,103125,67.710000000,100
US1.ATVI,0,20200505,103125,67.720000000,200
US1.ATVI,0,20200505,103125,67.720000000,100
US1.ATVI,0,20200505,103126,67.730000000,100
US1.ATVI,0,20200505,103126,67.720000000,144
US1.ATVI,0,20200505,103126,67.730000000,144
US1.ATVI,0,20200505,103155,67.740000000,200
US1.ATVI,0,20200505,103158,67.755000000,100
US1.ATVI,0,20200505,103158,67.760000000,100
US1.ATVI,0,20200505,103200,67.760000000,100
US1.ATVI,0,20200505,103205,67.780000000,100
US1.ATVI,0,20200505,103216,67.780000000,106
US1.ATVI,0,20200505,103236,67.790000000,100
US1.ATVI,0,20200505,103239,67.770000000,200
US1.ATVI,0,20200505,103243,67.770000000,100
US1.ATVI,0,20200505,103251,67.770000000,100
US1.ATVI,0,20200505,103251,67.770000000,100
US1.ATVI,0,20200505,103251,67.770000000,100
US1.ATVI,0,20200505,103300,67.770000000,100
US1.ATVI,0,20200505,103307,67.780000000,100
US1.ATVI,0,20200505,103307,67.780000000,100
US1.ATVI,0,20200505,103316,67.780000000,200
US1.ATVI,0,20200505,103316,67.780000000,100
US1.ATVI,0,20200505,103317,67.775000000,100
US1.ATVI,0,20200505,103317,67.780000000,100
US1.ATVI,0,20200505,103317,67.780000000,100
US1.ATVI,0,20200505,103326,67.770000000,100
US1.ATVI,0,20200505,103326,67.770000000,100
US1.ATVI,0,20200505,103326,67.770000000,200
US1.ATVI,0,20200505,103326,67.770000000,100
US1.ATVI,0,20200505,103329,67.770000000,500
US1.ATVI,0,20200505,103340,67.770000000,100
US1.ATVI,0,20200505,103340,67.770000000,101
US1.ATVI,0,20200505,103340,67.780000000,100
US1.ATVI,0,20200505,103340,67.775000000,100
US1.ATVI,0,20200505,103340,67.780000000,100
US1.ATVI,0,20200505,103340,67.780000000,100
US1.ATVI,0,20200505,103343,67.770000000,100
US1.ATVI,0,20200505,103343,67.770000000,145
US1.ATVI,0,20200505,103350,67.770000000,100
US1.ATVI,0,20200505,103350,67.790000000,100
US1.ATVI,0,20200505,103350,67.790000000,200
US1.ATVI,0,20200505,103358,67.785000000,100
US1.ATVI,0,20200505,103410,67.770000000,245
US1.ATVI,0,20200505,103410,67.760000000,295
US1.ATVI,0,20200505,103441,67.790000000,100
US1.ATVI,0,20200505,103503,67.780000000,155
US1.ATVI,0,20200505,103517,67.755000000,200
US1.ATVI,0,20200505,103517,67.755000000,100
US1.ATVI,0,20200505,103517,67.755000000,205
US1.ATVI,0,20200505,103517,67.750000000,100
US1.ATVI,0,20200505,103517,67.750000000,100
US1.ATVI,0,20200505,103517,67.750000000,197
US1.ATVI,0,20200505,103518,67.750000000,100
US1.ATVI,0,20200505,103518,67.750000000,100
US1.ATVI,0,20200505,103534,67.730000000,100
US1.ATVI,0,20200505,103546,67.735000000,100
US1.ATVI,0,20200505,103546,67.740000000,100
US1.ATVI,0,20200505,103546,67.740000000,116
US1.ATVI,0,20200505,103546,67.750000000,200
US1.ATVI,0,20200505,103609,67.720000000,100
US1.ATVI,0,20200505,103609,67.720000000,100
US1.ATVI,0,20200505,103644,67.640000000,100
US1.ATVI,0,20200505,103644,67.620000000,100
US1.ATVI,0,20200505,103644,67.620000000,100
US1.ATVI,0,20200505,103644,67.620000000,100
US1.ATVI,0,20200505,103645,67.610000000,100
US1.ATVI,0,20200505,103656,67.580000000,100
US1.ATVI,0,20200505,103656,67.580000000,100
US1.ATVI,0,20200505,103703,67.520000000,100
US1.ATVI,0,20200505,103704,67.520000000,100
US1.ATVI,0,20200505,103704,67.520000000,100
US1.ATVI,0,20200505,103704,67.520000000,200
US1.ATVI,0,20200505,103704,67.520000000,100
US1.ATVI,0,20200505,103706,67.530000000,100
US1.ATVI,0,20200505,103706,67.530000000,100
US1.ATVI,0,20200505,103706,67.530000000,100
US1.ATVI,0,20200505,103712,67.520000000,205
US1.ATVI,0,20200505,103712,67.520000000,100
US1.ATVI,0,20200505,103712,67.520000000,100
US1.ATVI,0,20200505,103712,67.520000000,100
US1.ATVI,0,20200505,103713,67.520000000,100
US1.ATVI,0,20200505,103713,67.520000000,100
US1.ATVI,0,20200505,103713,67.530000000,100
US1.ATVI,0,20200505,103713,67.535000000,100
US1.ATVI,0,20200505,103713,67.530000000,100
US1.ATVI,0,20200505,103717,67.540000000,100
US1.ATVI,0,20200505,103717,67.540000000,100
US1.ATVI,0,20200505,103717,67.540000000,100
US1.ATVI,0,20200505,103727,67.550000000,100
US1.ATVI,0,20200505,103729,67.550000000,100
US1.ATVI,0,20200505,103737,67.550000000,100
US1.ATVI,0,20200505,103737,67.550000000,100
US1.ATVI,0,20200505,103737,67.550000000,100
US1.ATVI,0,20200505,103745,67.550000000,200
US1.ATVI,0,20200505,103745,67.550000000,100
US1.ATVI,0,20200505,103745,67.550000000,100
US1.ATVI,0,20200505,103757,67.540000000,100
US1.ATVI,0,20200505,103757,67.540000000,100
US1.ATVI,0,20200505,103758,67.540000000,100
US1.ATVI,0,20200505,103758,67.540000000,100
US1.ATVI,0,20200505,103803,67.535000000,100
US1.ATVI,0,20200505,103803,67.540000000,100
US1.ATVI,0,20200505,103803,67.540000000,100
US1.ATVI,0,20200505,103803,67.540000000,100
US1.ATVI,0,20200505,103804,67.520000000,150
US1.ATVI,0,20200505,103812,67.540000000,100
US1.ATVI,0,20200505,103830,67.550000000,100
US1.ATVI,0,20200505,103830,67.540000000,100
US1.ATVI,0,20200505,103831,67.530000000,100
US1.ATVI,0,20200505,103847,67.530000000,100
US1.ATVI,0,20200505,103848,67.520000000,100
US1.ATVI,0,20200505,103848,67.530000000,193
US1.ATVI,0,20200505,103848,67.530000000,100
US1.ATVI,0,20200505,103848,67.530000000,207
US1.ATVI,0,20200505,103850,67.530000000,100
US1.ATVI,0,20200505,103850,67.530000000,100
US1.ATVI,0,20200505,103850,67.530000000,100
US1.ATVI,0,20200505,103850,67.530000000,100
US1.ATVI,0,20200505,103850,67.530000000,100
US1.ATVI,0,20200505,103850,67.525000000,100
US1.ATVI,0,20200505,103850,67.530000000,100
US1.ATVI,0,20200505,103851,67.530000000,100
US1.ATVI,0,20200505,103851,67.530000000,100
US1.ATVI,0,20200505,103851,67.530000000,100
US1.ATVI,0,20200505,103851,67.530000000,100
US1.ATVI,0,20200505,103851,67.530000000,100
US1.ATVI,0,20200505,103851,67.530000000,200
US1.ATVI,0,20200505,103852,67.540000000,100
US1.ATVI,0,20200505,103852,67.540000000,200
US1.ATVI,0,20200505,103852,67.540000000,100
US1.ATVI,0,20200505,103852,67.550000000,100
US1.ATVI,0,20200505,103854,67.575000000,100
US1.ATVI,0,20200505,103854,67.580000000,100
US1.ATVI,0,20200505,103854,67.595000000,100
US1.ATVI,0,20200505,103854,67.595000000,100
US1.ATVI,0,20200505,103854,67.595000000,100
US1.ATVI,0,20200505,103854,67.600000000,100
US1.ATVI,0,20200505,103854,67.605000000,100
US1.ATVI,0,20200505,103854,67.610000000,200
US1.ATVI,0,20200505,103855,67.640000000,100
US1.ATVI,0,20200505,103855,67.640000000,100
US1.ATVI,0,20200505,103856,67.650000000,200
US1.ATVI,0,20200505,103856,67.650000000,100
US1.ATVI,0,20200505,103857,67.660000000,200
US1.ATVI,0,20200505,103857,67.660000000,200
US1.ATVI,0,20200505,103857,67.660000000,100
US1.ATVI,0,20200505,103857,67.670000000,100
US1.ATVI,0,20200505,103857,67.670000000,100
US1.ATVI,0,20200505,103900,67.645000000,100
US1.ATVI,0,20200505,103901,67.640000000,100
US1.ATVI,0,20200505,103901,67.640000000,100
US1.ATVI,0,20200505,103901,67.640000000,100
US1.ATVI,0,20200505,103902,67.630000000,139
US1.ATVI,0,20200505,103902,67.630000000,160
US1.ATVI,0,20200505,103902,67.630000000,299
US1.ATVI,0,20200505,103902,67.630000000,100
US1.ATVI,0,20200505,103904,67.620000000,100
US1.ATVI,0,20200505,103906,67.610000000,100
US1.ATVI,0,20200505,103907,67.640000000,100
US1.ATVI,0,20200505,103909,67.670000000,100
US1.ATVI,0,20200505,103909,67.670000000,100
US1.ATVI,0,20200505,103909,67.670000000,100
US1.ATVI,0,20200505,103910,67.690000000,100
US1.ATVI,0,20200505,103910,67.690000000,200
US1.ATVI,0,20200505,103910,67.690000000,100
US1.ATVI,0,20200505,103910,67.690000000,100
US1.ATVI,0,20200505,103926,67.660000000,100
US1.ATVI,0,20200505,103926,67.650000000,100
US1.ATVI,0,20200505,103931,67.620000000,100
US1.ATVI,0,20200505,103943,67.650000000,100
US1.ATVI,0,20200505,103954,67.670000000,100
US1.ATVI,0,20200505,103954,67.660000000,100
US1.ATVI,0,20200505,104012,67.660000000,100
US1.ATVI,0,20200505,104012,67.660000000,100
US1.ATVI,0,20200505,104013,67.660000000,100
US1.ATVI,0,20200505,104013,67.660000000,100
US1.ATVI,0,20200505,104016,67.660000000,100
US1.ATVI,0,20200505,104016,67.660000000,100
US1.ATVI,0,20200505,104016,67.660000000,100
US1.ATVI,0,20200505,104016,67.660000000,100
US1.ATVI,0,20200505,104017,67.660000000,100
US1.ATVI,0,20200505,104025,67.660000000,100
US1.ATVI,0,20200505,104025,67.660000000,100
US1.ATVI,0,20200505,104025,67.650000000,100
US1.ATVI,0,20200505,104027,67.670000000,100
US1.ATVI,0,20200505,104027,67.670000000,100
US1.ATVI,0,20200505,104027,67.690000000,100
US1.ATVI,0,20200505,104027,67.680000000,100
US1.ATVI,0,20200505,104030,67.670000000,100
US1.ATVI,0,20200505,104030,67.660000000,100
US1.ATVI,0,20200505,104030,67.660000000,100
US1.ATVI,0,20200505,104030,67.650000000,100
US1.ATVI,0,20200505,104033,67.630000000,100
US1.ATVI,0,20200505,104034,67.620000000,300
US1.ATVI,0,20200505,104034,67.620000000,300
US1.ATVI,0,20200505,104036,67.615000000,100
US1.ATVI,0,20200505,104039,67.620000000,100
US1.ATVI,0,20200505,104040,67.620000000,100
US1.ATVI,0,20200505,104042,67.620000000,100
US1.ATVI,0,20200505,104042,67.600000000,100
US1.ATVI,0,20200505,104043,67.600000000,100
US1.ATVI,0,20200505,104045,67.585000000,100
US1.ATVI,0,20200505,104045,67.580000000,100
US1.ATVI,0,20200505,104048,67.580000000,200
US1.ATVI,0,20200505,104049,67.570000000,100
US1.ATVI,0,20200505,104051,67.570000000,100
US1.ATVI,0,20200505,104051,67.570000000,100
US1.ATVI,0,20200505,104051,67.560000000,200
US1.ATVI,0,20200505,104052,67.560000000,100
US1.ATVI,0,20200505,104053,67.550000000,200
US1.ATVI,0,20200505,104054,67.560000000,100
US1.ATVI,0,20200505,104112,67.550000000,100
US1.ATVI,0,20200505,104112,67.555000000,100
US1.ATVI,0,20200505,104113,67.565000000,100
US1.ATVI,0,20200505,104114,67.560000000,100
US1.ATVI,0,20200505,104114,67.570000000,200
US1.ATVI,0,20200505,104117,67.565000000,100
US1.ATVI,0,20200505,104117,67.570000000,100
US1.ATVI,0,20200505,104118,67.570000000,200
US1.ATVI,0,20200505,104127,67.580000000,100
US1.ATVI,0,20200505,104127,67.580000000,100
US1.ATVI,0,20200505,104135,67.550000000,100
US1.ATVI,0,20200505,104135,67.550000000,100
US1.ATVI,0,20200505,104155,67.560000000,200
US1.ATVI,0,20200505,104155,67.560000000,100
US1.ATVI,0,20200505,104155,67.560000000,100
US1.ATVI,0,20200505,104155,67.560000000,100
US1.ATVI,0,20200505,104155,67.560000000,100
US1.ATVI,0,20200505,104157,67.560000000,100
US1.ATVI,0,20200505,104203,67.580000000,100
US1.ATVI,0,20200505,104210,67.620000000,100
US1.ATVI,0,20200505,104210,67.620000000,100
US1.ATVI,0,20200505,104228,67.630000000,100
US1.ATVI,0,20200505,104236,67.630000000,100
US1.ATVI,0,20200505,104241,67.610000000,100
US1.ATVI,0,20200505,104244,67.600000000,100
US1.ATVI,0,20200505,104248,67.590000000,100
US1.ATVI,0,20200505,104254,67.600000000,100
US1.ATVI,0,20200505,104257,67.600000000,100
US1.ATVI,0,20200505,104311,67.600000000,200
US1.ATVI,0,20200505,104326,67.600000000,200
US1.ATVI,0,20200505,104328,67.610000000,100
US1.ATVI,0,20200505,104333,67.620000000,100
US1.ATVI,0,20200505,104404,67.650000000,100
US1.ATVI,0,20200505,104414,67.710000000,200
US1.ATVI,0,20200505,104429,67.740000000,100
US1.ATVI,0,20200505,104430,67.750000000,100
US1.ATVI,0,20200505,104434,67.740000000,100
US1.ATVI,0,20200505,104435,67.740000000,100
US1.ATVI,0,20200505,104443,67.750000000,300
US1.ATVI,0,20200505,104443,67.750000000,879
US1.ATVI,0,20200505,104455,67.820000000,100
US1.ATVI,0,20200505,104521,67.860000000,100
US1.ATVI,0,20200505,104549,67.900000000,100
US1.ATVI,0,20200505,104550,67.900000000,100
US1.ATVI,0,20200505,104556,67.900000000,100
US1.ATVI,0,20200505,104556,67.890000000,100
US1.ATVI,0,20200505,104559,67.880000000,100
US1.ATVI,0,20200505,104600,67.875000000,100
US1.ATVI,0,20200505,104604,67.880000000,100
US1.ATVI,0,20200505,104604,67.880000000,100
US1.ATVI,0,20200505,104615,67.870000000,200
US1.ATVI,0,20200505,104615,67.830000000,100
US1.ATVI,0,20200505,104623,67.830000000,100
US1.ATVI,0,20200505,104627,67.820000000,100
US1.ATVI,0,20200505,104628,67.840000000,100
US1.ATVI,0,20200505,104639,67.825000000,100
US1.ATVI,0,20200505,104639,67.830000000,200
US1.ATVI,0,20200505,104639,67.830000000,100
US1.ATVI,0,20200505,104657,67.820000000,100
US1.ATVI,0,20200505,104657,67.820000000,100
US1.ATVI,0,20200505,104657,67.820000000,100
US1.ATVI,0,20200505,104711,67.815000000,100
US1.ATVI,0,20200505,104712,67.810000000,134
US1.ATVI,0,20200505,104712,67.810000000,100
US1.ATVI,0,20200505,104712,67.800000000,100
US1.ATVI,0,20200505,104712,67.780000000,100
US1.ATVI,0,20200505,104724,67.780000000,100
US1.ATVI,0,20200505,104725,67.790000000,100
US1.ATVI,0,20200505,104744,67.800000000,100
US1.ATVI,0,20200505,104744,67.800000000,100
US1.ATVI,0,20200505,104746,67.800000000,100
US1.ATVI,0,20200505,104746,67.790000000,100
US1.ATVI,0,20200505,104746,67.790000000,100
US1.ATVI,0,20200505,104803,67.760000000,200
US1.ATVI,0,20200505,104805,67.765000000,100
US1.ATVI,0,20200505,104808,67.740000000,200
US1.ATVI,0,20200505,104813,67.745000000,100
US1.ATVI,0,20200505,104813,67.750000000,100
US1.ATVI,0,20200505,104838,67.700000000,200
US1.ATVI,0,20200505,104838,67.700000000,142
US1.ATVI,0,20200505,104841,67.710000000,200
US1.ATVI,0,20200505,104841,67.710000000,100
US1.ATVI,0,20200505,104842,67.715000000,100
US1.ATVI,0,20200505,104842,67.720000000,100
US1.ATVI,0,20200505,104842,67.720000000,100
US1.ATVI,0,20200505,104857,67.770000000,100
US1.ATVI,0,20200505,104857,67.770000000,100
US1.ATVI,0,20200505,104909,67.795000000,100
US1.ATVI,0,20200505,104915,67.770000000,100
US1.ATVI,0,20200505,104928,67.740000000,100
US1.ATVI,0,20200505,105002,67.850000000,100
US1.ATVI,0,20200505,105002,67.850000000,100
US1.ATVI,0,20200505,105002,67.850000000,100
US1.ATVI,0,20200505,105006,67.855000000,100
US1.ATVI,0,20200505,105010,67.865000000,300
US1.ATVI,0,20200505,105010,67.870000000,200
US1.ATVI,0,20200505,105010,67.870000000,200
US1.ATVI,0,20200505,105010,67.870000000,200
US1.ATVI,0,20200505,105015,67.860000000,200
US1.ATVI,0,20200505,105022,67.835000000,100
US1.ATVI,0,20200505,105023,67.850000000,200
US1.ATVI,0,20200505,105041,67.890000000,100
US1.ATVI,0,20200505,105042,67.890000000,100
US1.ATVI,0,20200505,105042,67.890000000,100
US1.ATVI,0,20200505,105101,67.880000000,100
US1.ATVI,0,20200505,105101,67.880000000,100
US1.ATVI,0,20200505,105101,67.880000000,100
US1.ATVI,0,20200505,105119,67.900000000,100
US1.ATVI,0,20200505,105123,67.900000000,200
US1.ATVI,0,20200505,105140,67.910000000,100
US1.ATVI,0,20200505,105140,67.910000000,100
US1.ATVI,0,20200505,105146,67.900000000,200
US1.ATVI,0,20200505,105150,67.910000000,100
US1.ATVI,0,20200505,105154,67.910000000,190
US1.ATVI,0,20200505,105154,67.910000000,100
US1.ATVI,0,20200505,105154,67.910000000,100
US1.ATVI,0,20200505,105154,67.910000000,200
US1.ATVI,0,20200505,105207,67.910000000,100
US1.ATVI,0,20200505,105208,67.920000000,100
US1.ATVI,0,20200505,105210,67.915000000,100
US1.ATVI,0,20200505,105216,67.920000000,200
US1.ATVI,0,20200505,105218,67.940000000,100
US1.ATVI,0,20200505,105218,67.940000000,100
US1.ATVI,0,20200505,105218,67.940000000,100
US1.ATVI,0,20200505,105218,67.940000000,100
US1.ATVI,0,20200505,105218,67.940000000,100
US1.ATVI,0,20200505,105218,67.950000000,100
US1.ATVI,0,20200505,105218,67.955000000,100
US1.ATVI,0,20200505,105218,67.960000000,100
US1.ATVI,0,20200505,105222,67.970000000,100
US1.ATVI,0,20200505,105225,67.970000000,100
US1.ATVI,0,20200505,105228,68.000000000,100
US1.ATVI,0,20200505,105228,68.000000000,100
US1.ATVI,0,20200505,105228,68.010000000,100
US1.ATVI,0,20200505,105228,68.020000000,200
US1.ATVI,0,20200505,105228,68.020000000,100
US1.ATVI,0,20200505,105228,68.010000000,100
US1.ATVI,0,20200505,105228,68.000000000,200
US1.ATVI,0,20200505,105228,67.980000000,200
US1.ATVI,0,20200505,105228,67.980000000,100
US1.ATVI,0,20200505,105228,67.990000000,100
US1.ATVI,0,20200505,105228,68.000000000,100
US1.ATVI,0,20200505,105228,68.010000000,200
US1.ATVI,0,20200505,105228,68.010000000,100
US1.ATVI,0,20200505,105228,68.010000000,200
US1.ATVI,0,20200505,105228,68.010000000,100
US1.ATVI,0,20200505,105228,68.020000000,100
US1.ATVI,0,20200505,105228,68.020000000,100
US1.ATVI,0,20200505,105228,68.020000000,200
US1.ATVI,0,20200505,105228,68.010000000,200
US1.ATVI,0,20200505,105228,68.010000000,100
US1.ATVI,0,20200505,105228,67.980000000,200
US1.ATVI,0,20200505,105228,67.970000000,188
US1.ATVI,0,20200505,105228,67.990000000,100
US1.ATVI,0,20200505,105228,68.000000000,100
US1.ATVI,0,20200505,105228,68.000000000,100
US1.ATVI,0,20200505,105228,68.020000000,200
US1.ATVI,0,20200505,105228,68.020000000,100
US1.ATVI,0,20200505,105228,68.030000000,200
US1.ATVI,0,20200505,105228,68.030000000,100
US1.ATVI,0,20200505,105229,68.040000000,200
US1.ATVI,0,20200505,105229,68.040000000,200
US1.ATVI,0,20200505,105229,68.040000000,200
US1.ATVI,0,20200505,105232,68.040000000,100
US1.ATVI,0,20200505,105239,68.040000000,100
US1.ATVI,0,20200505,105239,68.040000000,200
US1.ATVI,0,20200505,105242,68.040000000,100
US1.ATVI,0,20200505,105250,68.045000000,100
US1.ATVI,0,20200505,105250,68.050000000,100
US1.ATVI,0,20200505,105252,68.060000000,100
US1.ATVI,0,20200505,105253,68.060000000,200
US1.ATVI,0,20200505,105253,68.060000000,100
US1.ATVI,0,20200505,105253,68.065000000,100
US1.ATVI,0,20200505,105256,68.070000000,100
US1.ATVI,0,20200505,105256,68.070000000,100
US1.ATVI,0,20200505,105256,68.070000000,100
US1.ATVI,0,20200505,105300,68.085000000,100
US1.ATVI,0,20200505,105300,68.060000000,100
US1.ATVI,0,20200505,105300,68.030000000,100
US1.ATVI,0,20200505,105303,68.070000000,100
US1.ATVI,0,20200505,105303,68.070000000,100
US1.ATVI,0,20200505,105307,68.070000000,200
US1.ATVI,0,20200505,105307,68.070000000,100
US1.ATVI,0,20200505,105307,68.080000000,100
US1.ATVI,0,20200505,105307,68.075000000,100
US1.ATVI,0,20200505,105307,68.080000000,200
US1.ATVI,0,20200505,105316,68.060000000,200
US1.ATVI,0,20200505,105317,68.070000000,100
US1.ATVI,0,20200505,105321,68.060000000,100
US1.ATVI,0,20200505,105321,68.060000000,100
US1.ATVI,0,20200505,105345,68.070000000,100
US1.ATVI,0,20200505,105352,68.100000000,100
US1.ATVI,0,20200505,105352,68.100000000,100
US1.ATVI,0,20200505,105356,68.140000000,100
US1.ATVI,0,20200505,105356,68.145000000,100
US1.ATVI,0,20200505,105356,68.150000000,200
US1.ATVI,0,20200505,105409,68.160000000,100
US1.ATVI,0,20200505,105409,68.160000000,100
US1.ATVI,0,20200505,105411,68.150000000,200
US1.ATVI,0,20200505,105411,68.150000000,149
US1.ATVI,0,20200505,105411,68.150000000,115
US1.ATVI,0,20200505,105411,68.150000000,200
US1.ATVI,0,20200505,105411,68.150000000,200
US1.ATVI,0,20200505,105429,68.140000000,100
US1.ATVI,0,20200505,105433,68.160000000,100
US1.ATVI,0,20200505,105436,68.200000000,100
US1.ATVI,0,20200505,105442,68.210000000,200
US1.ATVI,0,20200505,105442,68.210000000,100
US1.ATVI,0,20200505,105444,68.200000000,100
US1.ATVI,0,20200505,105444,68.200000000,100
US1.ATVI,0,20200505,105447,68.190000000,200
US1.ATVI,0,20200505,105457,68.170000000,100
US1.ATVI,0,20200505,105457,68.170000000,200
US1.ATVI,0,20200505,105458,68.160000000,200
US1.ATVI,0,20200505,105500,68.170000000,100
US1.ATVI,0,20200505,105506,68.200000000,200
US1.ATVI,0,20200505,105506,68.200000000,220
US1.ATVI,0,20200505,105509,68.205000000,100
US1.ATVI,0,20200505,105509,68.200000000,200
US1.ATVI,0,20200505,105509,68.200000000,200
US1.ATVI,0,20200505,105509,68.200000000,100
US1.ATVI,0,20200505,105509,68.200000000,101
US1.ATVI,0,20200505,105514,68.190000000,200
US1.ATVI,0,20200505,105516,68.190000000,100
US1.ATVI,0,20200505,105516,68.190000000,100
US1.ATVI,0,20200505,105525,68.200000000,100
US1.ATVI,0,20200505,105530,68.220000000,100
US1.ATVI,0,20200505,105531,68.275000000,100
US1.ATVI,0,20200505,105531,68.275000000,100
US1.ATVI,0,20200505,105531,68.275000000,100
US1.ATVI,0,20200505,105535,68.290000000,100
US1.ATVI,0,20200505,105535,68.290000000,100
US1.ATVI,0,20200505,105535,68.290000000,100
US1.ATVI,0,20200505,105539,68.300000000,100
US1.ATVI,0,20200505,105539,68.300000000,100
US1.ATVI,0,20200505,105540,68.290000000,100
US1.ATVI,0,20200505,105540,68.280000000,200
US1.ATVI,0,20200505,105540,68.280000000,100
US1.ATVI,0,20200505,105601,68.230000000,100
US1.ATVI,0,20200505,105617,68.220000000,300
US1.ATVI,0,20200505,105618,68.220000000,100
US1.ATVI,0,20200505,105624,68.220000000,200
US1.ATVI,0,20200505,105624,68.220000000,200
US1.ATVI,0,20200505,105633,68.220000000,100
US1.ATVI,0,20200505,105633,68.220000000,100
US1.ATVI,0,20200505,105639,68.225000000,100
US1.ATVI,0,20200505,105639,68.230000000,200
US1.ATVI,0,20200505,105639,68.230000000,195
US1.ATVI,0,20200505,105639,68.230000000,100
US1.ATVI,0,20200505,105639,68.240000000,100
US1.ATVI,0,20200505,105639,68.250000000,100
US1.ATVI,0,20200505,105648,68.250000000,100
US1.ATVI,0,20200505,105656,68.240000000,200
US1.ATVI,0,20200505,105656,68.240000000,200
US1.ATVI,0,20200505,105703,68.240000000,200
US1.ATVI,0,20200505,105724,68.310000000,100
US1.ATVI,0,20200505,105731,68.320000000,100
US1.ATVI,0,20200505,105739,68.330000000,100
US1.ATVI,0,20200505,105802,68.390000000,100
US1.ATVI,0,20200505,105805,68.350000000,100
US1.ATVI,0,20200505,105805,68.350000000,100
US1.ATVI,0,20200505,105805,68.350000000,214
US1.ATVI,0,20200505,105805,68.350000000,100
US1.ATVI,0,20200505,105805,68.350000000,100
US1.ATVI,0,20200505,105805,68.350000000,100
US1.ATVI,0,20200505,105810,68.370000000,100
US1.ATVI,0,20200505,105823,68.370000000,100
US1.ATVI,0,20200505,105838,68.400000000,100
US1.ATVI,0,20200505,105838,68.380000000,100
US1.ATVI,0,20200505,105843,68.380000000,100
US1.ATVI,0,20200505,105843,68.380000000,100
US1.ATVI,0,20200505,105854,68.380000000,758
US1.ATVI,0,20200505,105859,68.360000000,100
US1.ATVI,0,20200505,105904,68.360000000,100
US1.ATVI,0,20200505,105904,68.360000000,100
US1.ATVI,0,20200505,105904,68.350000000,536
US1.ATVI,0,20200505,105907,68.340000000,125
US1.ATVI,0,20200505,105907,68.340000000,100
US1.ATVI,0,20200505,105919,68.350000000,100
US1.ATVI,0,20200505,105919,68.350000000,100
US1.ATVI,0,20200505,105919,68.350000000,100
US1.ATVI,0,20200505,105919,68.350000000,100
US1.ATVI,0,20200505,105919,68.370000000,100
US1.ATVI,0,20200505,105937,68.340000000,100
US1.ATVI,0,20200505,105937,68.340000000,100
US1.ATVI,0,20200505,105938,68.330000000,200
US1.ATVI,0,20200505,105950,68.350000000,100
US1.ATVI,0,20200505,105951,68.385000000,100
US1.ATVI,0,20200505,105954,68.390000000,100
US1.ATVI,0,20200505,105955,68.400000000,100
US1.ATVI,0,20200505,110000,68.390000000,100
US1.ATVI,0,20200505,110001,68.400000000,100
US1.ATVI,0,20200505,110024,68.370000000,200
US1.ATVI,0,20200505,110025,68.370000000,100
US1.ATVI,0,20200505,110026,68.370000000,200
US1.ATVI,0,20200505,110032,68.360000000,100
US1.ATVI,0,20200505,110032,68.360000000,100
US1.ATVI,0,20200505,110032,68.360000000,100
US1.ATVI,0,20200505,110047,68.340000000,100
US1.ATVI,0,20200505,110051,68.340000000,100
US1.ATVI,0,20200505,110051,68.350000000,100
US1.ATVI,0,20200505,110053,68.370000000,100
US1.ATVI,0,20200505,110055,68.380000000,100
US1.ATVI,0,20200505,110117,68.325000000,100
US1.ATVI,0,20200505,110134,68.320000000,100
US1.ATVI,0,20200505,110134,68.320000000,100
US1.ATVI,0,20200505,110134,68.330000000,100
US1.ATVI,0,20200505,110143,68.320000000,100
US1.ATVI,0,20200505,110155,68.300000000,100
US1.ATVI,0,20200505,110155,68.300000000,100
US1.ATVI,0,20200505,110155,68.300000000,100
US1.ATVI,0,20200505,110156,68.310000000,100
US1.ATVI,0,20200505,110204,68.315000000,100
US1.ATVI,0,20200505,110211,68.330000000,100
US1.ATVI,0,20200505,110231,68.330000000,100
US1.ATVI,0,20200505,110239,68.300000000,100
US1.ATVI,0,20200505,110239,68.300000000,100
US1.ATVI,0,20200505,110239,68.300000000,100
US1.ATVI,0,20200505,110239,68.300000000,100
US1.ATVI,0,20200505,110239,68.300000000,100
US1.ATVI,0,20200505,110239,68.300000000,100
US1.ATVI,0,20200505,110239,68.300000000,100
US1.ATVI,0,20200505,110243,68.290000000,100
US1.ATVI,0,20200505,110245,68.290000000,200
US1.ATVI,0,20200505,110253,68.245000000,100
US1.ATVI,0,20200505,110253,68.240000000,100
US1.ATVI,0,20200505,110253,68.240000000,100
US1.ATVI,0,20200505,110253,68.240000000,100
US1.ATVI,0,20200505,110253,68.240000000,139
US1.ATVI,0,20200505,110305,68.250000000,100
US1.ATVI,0,20200505,110305,68.250000000,200
US1.ATVI,0,20200505,110314,68.310000000,100
US1.ATVI,0,20200505,110321,68.325000000,100
US1.ATVI,0,20200505,110324,68.360000000,181
US1.ATVI,0,20200505,110325,68.365000000,100
US1.ATVI,0,20200505,110326,68.380000000,100
US1.ATVI,0,20200505,110327,68.380000000,100
US1.ATVI,0,20200505,110328,68.390000000,100
US1.ATVI,0,20200505,110335,68.360000000,300
US1.ATVI,0,20200505,110335,68.360000000,100
US1.ATVI,0,20200505,110344,68.360000000,100
US1.ATVI,0,20200505,110345,68.360000000,200
US1.ATVI,0,20200505,110348,68.350000000,100
US1.ATVI,0,20200505,110351,68.330000000,100
US1.ATVI,0,20200505,110351,68.330000000,100
US1.ATVI,0,20200505,110356,68.310000000,100
US1.ATVI,0,20200505,110356,68.300000000,200
US1.ATVI,0,20200505,110356,68.300000000,100
US1.ATVI,0,20200505,110356,68.280000000,100
US1.ATVI,0,20200505,110358,68.270000000,200
US1.ATVI,0,20200505,110406,68.265000000,100
US1.ATVI,0,20200505,110406,68.265000000,200
US1.ATVI,0,20200505,110429,68.230000000,100
US1.ATVI,0,20200505,110435,68.230000000,200
US1.ATVI,0,20200505,110451,68.260000000,147
US1.ATVI,0,20200505,110457,68.240000000,300
US1.ATVI,0,20200505,110457,68.230000000,100
US1.ATVI,0,20200505,110458,68.220000000,200
US1.ATVI,0,20200505,110504,68.200000000,347
US1.ATVI,0,20200505,110511,68.180000000,200
US1.ATVI,0,20200505,110511,68.180000000,100
US1.ATVI,0,20200505,110511,68.200000000,100
US1.ATVI,0,20200505,110511,68.200000000,100
US1.ATVI,0,20200505,110513,68.220000000,100
US1.ATVI,0,20200505,110515,68.220000000,200
US1.ATVI,0,20200505,110521,68.220000000,100
US1.ATVI,0,20200505,110523,68.220000000,100
US1.ATVI,0,20200505,110523,68.220000000,100
US1.ATVI,0,20200505,110543,68.130000000,200
US1.ATVI,0,20200505,110543,68.140000000,100
US1.ATVI,0,20200505,110549,68.140000000,100
US1.ATVI,0,20200505,110552,68.130000000,200
US1.ATVI,0,20200505,110552,68.130000000,100
US1.ATVI,0,20200505,110556,68.130000000,100
US1.ATVI,0,20200505,110603,68.130000000,200
US1.ATVI,0,20200505,110608,68.110000000,100
US1.ATVI,0,20200505,110608,68.110000000,100
US1.ATVI,0,20200505,110608,68.110000000,135
US1.ATVI,0,20200505,110614,68.130000000,200
US1.ATVI,0,20200505,110616,68.130000000,100
US1.ATVI,0,20200505,110616,68.130000000,100
US1.ATVI,0,20200505,110617,68.120000000,100
US1.ATVI,0,20200505,110649,68.135000000,100
US1.ATVI,0,20200505,110651,68.140000000,100
US1.ATVI,0,20200505,110651,68.130000000,191
US1.ATVI,0,20200505,110651,68.130000000,100
US1.ATVI,0,20200505,110653,68.110000000,100
US1.ATVI,0,20200505,110702,68.130000000,100
US1.ATVI,0,20200505,110702,68.130000000,200
US1.ATVI,0,20200505,110711,68.130000000,100
US1.ATVI,0,20200505,110718,68.120000000,100
US1.ATVI,0,20200505,110724,68.100000000,100
US1.ATVI,0,20200505,110735,68.080000000,200
US1.ATVI,0,20200505,110737,68.060000000,100
US1.ATVI,0,20200505,110743,68.040000000,100
US1.ATVI,0,20200505,110746,68.040000000,100
US1.ATVI,0,20200505,110750,68.040000000,100
US1.ATVI,0,20200505,110802,68.020000000,100
US1.ATVI,0,20200505,110802,68.030000000,200
US1.ATVI,0,20200505,110802,68.030000000,100
US1.ATVI,0,20200505,110803,68.040000000,100
US1.ATVI,0,20200505,110803,68.040000000,100
US1.ATVI,0,20200505,110817,68.030000000,100
US1.ATVI,0,20200505,110829,68.020000000,100
US1.ATVI,0,20200505,110829,68.020000000,100
US1.ATVI,0,20200505,110851,68.020000000,100
US1.ATVI,0,20200505,110913,68.060000000,100
US1.ATVI,0,20200505,110928,68.070000000,400
US1.ATVI,0,20200505,110928,68.090000000,100
US1.ATVI,0,20200505,110937,68.070000000,100
US1.ATVI,0,20200505,110937,68.070000000,200
US1.ATVI,0,20200505,110937,68.070000000,100
US1.ATVI,0,20200505,110940,68.070000000,100
US1.ATVI,0,20200505,110946,68.080000000,200
US1.ATVI,0,20200505,110948,68.090000000,100
US1.ATVI,0,20200505,110950,68.130000000,100
US1.ATVI,0,20200505,111000,68.130000000,200
US1.ATVI,0,20200505,111000,68.130000000,214
US1.ATVI,0,20200505,111000,68.130000000,100
US1.ATVI,0,20200505,111020,68.150000000,100
US1.ATVI,0,20200505,111022,68.160000000,200
US1.ATVI,0,20200505,111026,68.170000000,200
US1.ATVI,0,20200505,111032,68.140000000,100
US1.ATVI,0,20200505,111042,68.130000000,100
US1.ATVI,0,20200505,111046,68.140000000,100
US1.ATVI,0,20200505,111054,68.150000000,100
US1.ATVI,0,20200505,111054,68.150000000,100
US1.ATVI,0,20200505,111105,68.180000000,200
US1.ATVI,0,20200505,111119,68.150000000,200
US1.ATVI,0,20200505,111119,68.150000000,100
US1.ATVI,0,20200505,111137,68.150000000,200
US1.ATVI,0,20200505,111137,68.150000000,100
US1.ATVI,0,20200505,111137,68.150000000,100
US1.ATVI,0,20200505,111137,68.140000000,100
US1.ATVI,0,20200505,111139,68.140000000,100
US1.ATVI,0,20200505,111139,68.140000000,100
US1.ATVI,0,20200505,111139,68.150000000,100
US1.ATVI,0,20200505,111150,68.150000000,199
US1.ATVI,0,20200505,111207,68.225000000,100
US1.ATVI,0,20200505,111207,68.230000000,100
US1.ATVI,0,20200505,111216,68.265000000,100
US1.ATVI,0,20200505,111216,68.260000000,200
US1.ATVI,0,20200505,111217,68.270000000,136
US1.ATVI,0,20200505,111219,68.320000000,200
US1.ATVI,0,20200505,111220,68.300000000,200
US1.ATVI,0,20200505,111220,68.290000000,100
US1.ATVI,0,20200505,111222,68.280000000,100
US1.ATVI,0,20200505,111232,68.270000000,100
US1.ATVI,0,20200505,111232,68.270000000,100
US1.ATVI,0,20200505,111250,68.270000000,100
US1.ATVI,0,20200505,111250,68.270000000,100
US1.ATVI,0,20200505,111250,68.270000000,100
US1.ATVI,0,20200505,111250,68.270000000,100
US1.ATVI,0,20200505,111251,68.270000000,100
US1.ATVI,0,20200505,111252,68.270000000,100
US1.ATVI,0,20200505,111253,68.270000000,100
US1.ATVI,0,20200505,111253,68.270000000,100
US1.ATVI,0,20200505,111302,68.270000000,100
US1.ATVI,0,20200505,111305,68.260000000,200
US1.ATVI,0,20200505,111307,68.280000000,100
US1.ATVI,0,20200505,111307,68.280000000,100
US1.ATVI,0,20200505,111307,68.280000000,100
US1.ATVI,0,20200505,111307,68.290000000,300
US1.ATVI,0,20200505,111307,68.290000000,247
US1.ATVI,0,20200505,111315,68.275000000,100
US1.ATVI,0,20200505,111318,68.280000000,100
US1.ATVI,0,20200505,111318,68.270000000,100
